%% This BibTeX bibliography file was created using BibDesk.
%% http://bibdesk.sourceforge.net/


%% Created for Martin Stepniewski at 2014-08-28 18:56:12 +0200 


%% Saved with string encoding Unicode (UTF-8)

@article{Fedorenko62,
	author = {Fedorenko, R. P.},
	title = {A relaxation method for solving elliptic difference equations},
	journal = {USSR Computational Mathematics and Mathematical Physics},
	volume = {1},
	number = {4},
	pages = {1092--1096},
	year = {1962},
	issn = {0041-5553},
	doi = {10.1016/0041-5553(62)90031-9},
	url = {http://www.sciencedirect.com/science/article/pii/0041555362900319}
}

@article{Fedorenko64,
	author = {Fedorenko, R. P.},
	title = {The speed of convergence of one iterative process},
	journal = {USSR Computational Mathematics and Mathematical Physics},
	volume = {4},
	number = {3},
	pages = {227--235},
	year = {1964},
	issn = {0041-5553},
	doi = {10.1016/0041-5553(64)90253-8},
	url = {http://www.sciencedirect.com/science/article/pii/0041555364902538}
} 

@book{Brenner2002,
  	title={The Mathematical Theory of Finite Element Methods},
  	author={Brenner, S. and Scott, L. R.},
  	isbn={9780387954516},
  	lccn={2002019726},
  	series={Texts in Applied Mathematics},
  	url={https://books.google.de/books?id=YhPJf\_4pu8kC},
  	year={2002},
  	publisher={Springer New York}
}

@book{Quarteroni2008,
  	title={Numerical Approximation of Partial Differential Equations},
  	author={Quarteroni, A. and Valli, A.},
  	isbn={9783540852674},
  	lccn={94021763},
  	series={Springer Series in Computational Mathematics},
  	url={https://books.google.de/books?id=j7WmQ1yFjkAC},
 	year={2008},
 	publisher={Springer Berlin Heidelberg}
}

@book{Johnson2012,
  	title={Numerical Solution of Partial Differential Equations by the Finite Element Method},
  	author={Johnson, C.},
  	isbn={9780486131597},
  	series={Dover Books on Mathematics Series},
  	url={https://books.google.de/books?id=PYXjyoqy5qMC},
  	year={2012},
  	publisher={Dover Publications, Incorporated}
}

@article{Fried72,
  	Author = {Fried, I.},
  	Title = {Condition of finite element matrices generated from nonuniform meshes.},
  	Journal = {AIAA Journal},
  	Publisher = {American Institute of Aeronautics and Astronautics},
  	Year = {1972},
  	Volume = {10},
  	Number = {2},
  	Pages = {219--221},
  	doi = {10.2514/3.6561}
}

@book{Hackbusch94,
  	title={Iterative Solution of Large Sparse Systems of Equations},
  	author={Hackbusch, W.},
 	isbn={9780387940649},
 	lccn={93002098},
 	series={Applied Mathematical Sciences},
 	url={https://books.google.de/books?id=xu0ZAQAAIAAJ},
 	year={1994},
 	publisher={Springer-Verlag}
}

@inproceedings{MacCracken96,
 	author = {MacCracken, R. and Joy, K. I.},
 	title = {Free-form Deformations with Lattices of Arbitrary Topology},
 	booktitle = {Proceedings of the 23rd Annual Conference on Computer Graphics and Interactive Techniques},
 	series = {SIGGRAPH '96},
 	year = {1996},
 	isbn = {0-89791-746-4},
 	pages = {181--188},
 	numpages = {8},
 	url = {http://doi.acm.org/10.1145/237170.237247},
 	doi = {10.1145/237170.237247},
 	acmid = {237247},
 	publisher = {ACM},
 	address = {New York, NY, USA}
} 

@article{Bajaj2002,
	Author = {Bajaj, C. and Schaefer, S. and Warren, J. and Xu, G.},
	Pages = {343--356},
	journal = {The Visual Computer},
    volume = {18},
	Publisher = {Springer},
	Title = {A subdivision scheme for hexahedral meshes},
	Year = {2002}
}

@article{Chang2006,
	Author = {Chang, Y. and Qin, H.},
	Pages = {770--785},
	journal = {Computer-Aided Design},
    volume = {38},
	Publisher = {Elsevier},
	Title = {A unified subdivision approach for multi-dimensional non-manifold modeling},
	Year = {2006}
}

@book{Cavaretta89,
  	title={Stationary Subdivision},
  	author={Cavaretta, A.S. and Dahmen, W. and Micchelli, C.A. and Society, A.M.},
  	number={Nr. 453},
  	isbn={9780821861769},
  	series={American Mathematical Society: Memoirs of the American Mathematical Society},
  	url={https://books.google.de/books?id=h-6wXBujVxYC},
  	year={1989},
  	publisher={American Mathematical Society}
}

@inproceedings{Dyn92,
    author = {Dyn, N.},
    title = {Subdivision schemes in CAGD},
    booktitle = {Advances in Numerical Analysis},
    year = {1992},
    pages = {36--104},
    publisher = {Univ. Press}
}

@article{Reif95,
 	author = {Reif, U.},
 	title = {A Unified Approach to Subdivision Algorithms Near Extraordinary Vertices},
 	journal = {Computer Aided Geometric Design},
 	issue_date = {March 1995},
 	volume = {12},
 	number = {2},
 	month = mar,
 	year = {1995},
 	issn = {0167-8396},
 	pages = {153--174},
 	numpages = {22},
 	url = {http://dx.doi.org/10.1016/0167-8396(94)00007-F},
 	doi = {10.1016/0167-8396(94)00007-F},
 	acmid = {211166},
 	publisher = {Elsevier Science Publishers B. V.},
 	address = {Amsterdam, The Netherlands, The Netherlands},
	keywords = {Subdivision, Arbitrary topology, Regular surface, Characteristic map, Extraordinary vertex}
} 

@article{Levin2003a,
 	author = {Levin, A.},
 	title = {Polynomial Generation and Quasi-interlpolation in Stationary Non-uniform Subdivision},
 	journal = {Comput. Aided Geom. Des.},
 	issue_date = {March 2003},
 	volume = {20},
 	number = {1},
 	month = mar,
 	year = {2003},
 	issn = {0167-8396},
 	pages = {41--60},
 	numpages = {20},
 	url = {http://dx.doi.org/10.1016/S0167-8396(03)00006-2},
 	doi = {10.1016/S0167-8396(03)00006-2},
 	acmid = {775498},
 	publisher = {Elsevier Science Publishers B. V.},
 	address = {Amsterdam, The Netherlands, The Netherlands},
 	keywords = {approximation, polynomial generation, quasi-interpolation, subdivision Schemes}
}

@article{Levin2003b,
	author = {Levin, A. and Levin, D.},
	title = {Analysis of quasi-uniform subdivision},
	journal = {Applied and Computational Harmonic Analysis},
	volume = {15},
	number = {1},
	pages = {18--32},
	year = {2003},
	issn = {1063-5203},
	doi = {10.1016/S1063-5203(03)00031-9},
	url = {http://www.sciencedirect.com/science/article/pii/S1063520303000319}
}

@article{Schaefer2005,
 	author = {Schaefer, S. and Warren, J.},
 	title = {On C2 Triangle/Quad Subdivision},
 	journal = {ACM Trans. Graph.},
 	issue_date = {January 2005},
 	volume = {24},
 	number = {1},
 	month = jan,
 	year = {2005},
 	issn = {0730-0301},
 	pages = {28--36},
 	numpages = {9},
 	url = {http://doi.acm.org/10.1145/1037957.1037959},
 	doi = {10.1145/1037957.1037959},
 	acmid = {1037959},
 	publisher = {ACM},
 	address = {New York, NY, USA},
 	keywords = {Subdivision, joint spectral radius, triangle/quad},
}

@article{CatmullClark78,
  Title = {Recursivley Generated B-Spline Surfaces on Arbitrary Topological Meshes},
  Journal = {Computer Aided Design},
  Author = {Catmull, E. and Clark, J.},
  Year = {1978},
  Volume = {10},
  Pages = {350--355}
}

@article{Xu99,
	Author = {Xu, J. and Zikatanov, L.},
	Journal = {Mathematics of Computation},
	Pages = {1429--1446},
	Publisher = {American Mathematical Society},
	volume = {68},
    number = {228},	
	Title = {A monotone finite element scheme for convection-diffusion equations},
	Year = {1999}
}	

@book{Deuflhard2011,
	Author = {Deuflhard, P. and Weiser, M.},
	Publisher = {De Gruyter},
	Title = {Numerische Mathematik 3 - Adaptive L\"osung partieller Differentialgleichungen},
	Year = {2011}
}

@article{Breit2016,
  author={Breit, Markus and Stepniewski, Martin and Grein, Stephan and Gottmann, Pascal and Reinhardt, Lukas and Queisser, Gillian},
  title={Anatomically detailed and large-scale simulations studying synapse loss and synchrony using {N}euro{B}ox},
  journal={Frontiers in Neuroanatomy},
  volume={10},
  pages={8},
  year={2016},
  url={http://journal.frontiersin.org/article/10.3389/fnana.2016.00008},
  doi={10.3389/fnana.2016.00008},
  issn={1662-5129}
}

@article{Breit2018a,
	author={Breit, Markus and Queisser, Gillian},
	title="What is required for neuronal calcium waves? {A} numerical parameter study",
	journal="The Journal of Mathematical Neuroscience",
	year="2018",
	month="Jul",
	day="13",
	volume="8",
	number="1",
	pages="9",
	issn="2190-8567",
	doi="10.1186/s13408-018-0064-x",
	url="https://doi.org/10.1186/s13408-018-0064-x"
}

@article{Breit2018b,
	author = {Breit, Markus and Kessler, Marcus and Stepniewski, Martin and Vlachos, Andreas and Queisser, Gillian},
	doi = {10.1038/s41598-018-33343-9},
	journal = {Scientific Reports},
	number = {1},
	pages = {15624},
	title = {Spine-to-dendrite calcium modeling discloses relevance for precise positioning of ryanodine receptor-containing spine endoplasmic reticulum},
	url = {https://doi.org/10.1038/s41598-018-33343-9},
	volume = {8},
	year = {2018}
}

@inproceedings{Shewchuk2002a,
	Author = {Shewchuk, J.},
	Booktitle = {Eleventh International Meshing Roundtable},
	Pages = {193--204},
	Title = {Constrained Delaunay Tetrahedralizations and Provably Good Boundary Recovery},
	Year = {2002}
}

@inproceedings{Shewchuk2002b,
	Author = {Shewchuk, J.},
	Booktitle = {Eleventh International Meshing Roundtable},
	Pages = {115--126},
	Title = {What Is a Good Linear Element? Interpolation, Conditioning, and Quality Measures},
	Year = {2002}
}

@inproceedings{Karypis2003,
  title={Parmetis -- parallel graph partitioning and sparse matrix ordering library},
  author={George Karypis and Kirk Schloegel and Vipin Kumar},
  year={2003}
}


@inproceedings{Schaefer2004,
	Acmid = {1057452},
	Address = {New York, NY, USA},
	Author = {Schaefer, S. and Hakenberg, J. and Warren, J.},
	Booktitle = {Proceedings of the 2004 Eurographics/ACM SIGGRAPH Symposium on Geometry Processing},
	Date-Added = {2014-08-25 14:57:35 +0000},
	Date-Modified = {2014-08-25 14:58:05 +0000},
	Doi = {10.1145/1057432.1057452},
	Isbn = {3-905673-13-4},
	Location = {Nice, France},
	Numpages = {8},
	Pages = {147--154},
	Publisher = {ACM},
	Series = {SGP '04},
	Title = {Smooth Subdivision of Tetrahedral Meshes},
	Url = {http://doi.acm.org/10.1145/1057432.1057452},
	Year = {2004},
	Bdsk-Url-1 = {http://doi.acm.org/10.1145/1057432.1057452},
	Bdsk-Url-2 = {http://dx.doi.org/10.1145/1057432.1057452}}

@mastersthesis{Loop1987,
	Author = {Charles Loop},
	Date-Added = {2014-08-25 14:45:26 +0000},
	Date-Modified = {2014-08-25 14:48:30 +0000},
	School = {University of Utah},
	Title = {Smooth Subdivision Surfaces Based on Triangles},
	Year = {1987}}

@article{Pattinson07,
	Author = {Pattinson, J. and Malan, AG and Meyer, JP},
	Date-Added = {2014-07-13 15:54:53 +0200},
	Date-Modified = {2014-07-14 11:57:31 +0200},
	Journal = {International Journal for Numerical Methods in Engineering},
	Number = {11},
	Pages = {1332--1354},
	Publisher = {Wiley Online Library},
	Title = {A cut-cell non-conforming Cartesian mesh method for compressible and incompressible flow},
	Volume = {72},
	Year = {2007}}

@inproceedings{Vahdati89,
	Author = {Vahdati, M. and Morgan, K and Peraire, J and Hassan, O},
	Booktitle = {International Conference on Hypersonic Aerodynamics, Proceedings},
	Date-Added = {2014-07-13 15:51:26 +0200},
	Date-Modified = {2014-07-14 12:51:29 +0200},
	Pages = {12},
	Title = {A cell-vertex upwind unstructured grid solution procedure for high speed compressible viscous flow},
	Volume = {1},
	Year = {1989}}

@book{Milne53,
	Author = {Milne, William},
	Date-Added = {2014-07-10 14:48:48 +0200},
	Date-Modified = {2014-07-14 11:52:45 +0200},
	Number = {3},
	Publisher = {Wiley New York},
	Title = {Numerical solution of differential equations},
	Volume = {19},
	Year = {1953}}

@article{Nystrom30,
	Author = {Nystr{\"o}m, Evert},
	Date-Added = {2014-07-10 14:45:48 +0200},
	Date-Modified = {2014-07-14 11:57:21 +0200},
	Journal = {Acta Mathematica},
	Number = {1},
	Pages = {185-204},
	Publisher = {Finska vetenskapssocieteten},
	Title = {{\"U}ber die praktische Aufl{\"o}sung von Integralgleichungen mit Anwendungen auf Randwertaufgaben},
	Volume = {54},
	Year = {1930}}

@book{Moulton26,
	Author = {Moulton, Forest},
	Date-Added = {2014-07-10 14:41:49 +0200},
	Date-Modified = {2014-07-14 11:52:53 +0200},
	Publisher = {Chicago},
	Title = {New methods in exterior ballistics},
	Year = {1926}}

@book{Bashforth83,
	Author = {Bashforth, Francis and Adams, John Couch},
	Date-Added = {2014-07-10 14:35:31 +0200},
	Date-Modified = {2014-07-10 14:36:04 +0200},
	Publisher = {University Press},
	Title = {An attempt to test the theories of capillary action},
	Year = {1883}}

@article{Deuflhard1987,
	author="Deuflhard, P. and Hairer, E. and Zugck, J.",
	title="One-step and extrapolation methods for differential-algebraic systems",
	journal="Numerische Mathematik",
	year="1987",
	volume="51",
	number="5",
	pages="501--516",
	issn="0945-3245",
	doi="10.1007/BF01400352",
	url="http://dx.doi.org/10.1007/BF01400352"
}

@article{Curtiss52,
	Author = {Curtiss, Charles and Hirschfelder, J.},
	Date-Added = {2014-07-10 14:28:14 +0200},
	Date-Modified = {2014-07-14 11:41:08 +0200},
	Journal = {Proceedings of the National Academy of Sciences of the United States of America},
	Number = {3},
	Pages = {235},
	Publisher = {National Academy of Sciences},
	Title = {Integration of stiff equations},
	Volume = {38},
	Year = {1952}}

@book{Boussinesq03,
	Author = {Boussinesq, Joseph},
	Date-Added = {2014-07-10 14:17:38 +0200},
	Date-Modified = {2014-07-10 14:17:54 +0200},
	Publisher = {Gauthier-Villars},
	Title = {Th{\'e}orie analytique de la chaleur},
	Volume = {2},
	Year = {1903}}

@article{Oberbeck79,
	Author = {Oberbeck, Anton},
	Date-Added = {2014-07-10 14:16:18 +0200},
	Date-Modified = {2014-07-10 14:16:40 +0200},
	Journal = {Annalen der Physik},
	Number = {6},
	Pages = {271--292},
	Publisher = {Wiley Online Library},
	Title = {{\"U}ber die W{\"a}rmeleitung der Fl{\"u}ssigkeiten bei Ber{\"u}cksichtigung der Str{\"o}mungen infolge von Temperaturdifferenzen},
	Volume = {243},
	Year = {1879}}

@article{Verfurth94,
	Author = {Verf{\"u}rth, R{\"u}diger},
	Date-Added = {2014-07-04 13:22:11 +0200},
	Date-Modified = {2014-07-04 13:22:18 +0200},
	Journal = {Journal of Computational and Applied Mathematics},
	Number = {1},
	Pages = {67--83},
	Publisher = {Elsevier},
	Title = {A posteriori error estimation and adaptive mesh-refinement techniques},
	Volume = {50},
	Year = {1994}}

@article{Lang01,
	Author = {Lang, Stefan},
	Date-Added = {2014-07-03 19:54:10 +0200},
	Date-Modified = {2014-07-03 19:54:23 +0200},
	Title = {Parallele numerische Simulation instation{\"a}rer Probleme mit adaptiven Methoden auf unstrukturierten Gittern},
	Year = {2001}}

@book{Bastian96,
	Author = {Bastian, Peter},
	Date-Added = {2014-07-03 19:47:34 +0200},
	Date-Modified = {2014-07-03 19:51:48 +0200},
	Publisher = {Teubner},
	Title = {Parallele adaptive Mehrgitterverfahren},
	Year = {1996}}

@article{Logashenko12,
	Author = {Logashenko, Dmitrij},
	Date-Added = {2014-07-03 12:48:45 +0200},
	Date-Modified = {2014-07-14 11:52:26 +0200},
	Title = {Pers{\"o}nliches Gespr{\"a}ch},
	Year = {2012}}

@article{Newton69,
	Author = {Newton, Isaac},
	Date-Added = {2014-07-03 12:41:38 +0200},
	Date-Modified = {2014-07-03 12:42:03 +0200},
	Title = {De analysi per aequationes numero terminorum infinitas},
	Year = {1669}}

@article{Strang72,
	Author = {Strang, Gilbert},
	Date-Added = {2014-07-03 12:34:13 +0200},
	Date-Modified = {2014-07-03 12:34:32 +0200},
	Journal = {The mathematical foundations of the finite element method with applications to partial differential equations},
	Pages = {689-710},
	Publisher = {Academic Press, New York},
	Title = {Variational crimes in the finite element method},
	Year = {1972}}

@article{Galerkin15,
	Author = {Galerkin, Boris},
	Date-Added = {2014-07-03 12:24:07 +0200},
	Date-Modified = {2014-07-04 00:07:39 +0200},
	Journal = {Vestnik Inzh},
	Pages = {897-908},
	Title = {On electrical circuits for the approximate solution of the Laplace equation},
	Volume = {19},
	Year = {1915}}

@article{Ritz08,
	Author = {Ritz, Walter},
	Date-Added = {2014-07-03 12:20:18 +0200},
	Date-Modified = {2014-07-14 11:58:12 +0200},
	Journal = {J. reine angew. Math.},
	Number = {1-61},
	Title = {{\"U}ber eine neue Methode zur L{\"o}sung gewisser Variationsprobleme der matematischen Physik},
	Volume = {135},
	Year = {1908}}

@article{Aubin63,
	Author = {Aubin, Jean-Pierre},
	Date-Added = {2014-07-03 12:15:15 +0200},
	Date-Modified = {2014-07-03 12:15:20 +0200},
	Journal = {CR Acad. Sci. Paris},
	Number = {24},
	Pages = {5042--5044},
	Title = {Un th{\'e}oreme de compacit{\'e}},
	Volume = {256},
	Year = {1963}}

@article{Bochner33,
	Author = {Bochner, Salomon},
	Date-Added = {2014-07-03 12:13:37 +0200},
	Date-Modified = {2014-07-03 12:13:44 +0200},
	Journal = {Fundamenta Mathematicae},
	Number = {1},
	Pages = {262--176},
	Publisher = {Institute of Mathematics Polish Academy of Sciences},
	Title = {Integration von Funktionen, deren Werte die Elemente eines Vektorraumes sind},
	Volume = {20},
	Year = {1933}}

@article{Lions68,
	Author = {Lions, Jacques Louis and Magenes, Enrico},
	Date-Added = {2014-07-03 12:08:50 +0200},
	Date-Modified = {2014-07-03 12:09:01 +0200},
	Publisher = {Dunod},
	Title = {Problemes aux limites non homogenes et applications},
	Year = {1968}}

@article{Lax54,
	Author = {Lax, P.D. and Milgram, A.N.},
	Date-Added = {2014-07-03 12:03:08 +0200},
	Date-Modified = {2014-07-03 12:03:35 +0200},
	Journal = {Contributions to the theory of partial differential equations},
	Number = {33},
	Pages = {167},
	Publisher = {Princeton University Press},
	Title = {Parabolic equations},
	Year = {1954}}

@incollection{Babuska72a,
	Author = {Babu{\v{s}}ka, Ivo and Aziz, A.},
	Booktitle = {The Mathematical Foundation of the finite Element Method with Applications to Partial Differential Equations},
	Date-Added = {2014-07-03 11:54:05 +0200},
	Date-Modified = {2014-07-03 11:56:56 +0200},
	Pages = {3-359},
	Publisher = {Academic Press, New York},
	Title = {Survey lectures on the mathematical foundations of the finite element method},
	Year = {1972}}

@book{Hadamard32,
	Author = {Hadamard, Jacques},
	Date-Added = {2014-07-03 11:49:38 +0200},
	Date-Modified = {2014-07-03 11:50:09 +0200},
	Publisher = {Hermann, Paris},
	Title = {Le probleme de Cauchy et les {\'e}quations aux d{\'e}riv{\'e}es partielles lin{\'e}aires hyperboliques},
	Year = {1932}}

@article{Chen12,
	Author = {Chen, Zhongying and Wu, Junfeng and Xu, Yuesheng},
	Date-Added = {2014-07-03 10:51:16 +0200},
	Date-Modified = {2014-07-03 10:51:21 +0200},
	Journal = {Advances in Computational Mathematics},
	Number = {2},
	Pages = {191--253},
	Publisher = {Springer},
	Title = {Higher-order finite volume methods for elliptic boundary value problems},
	Volume = {37},
	Year = {2012}}

@article{Vogel10,
	Author = {Vogel, Andreas and Xu, Jinchao and Wittum, Gabriel},
	Date-Added = {2014-07-03 10:50:11 +0200},
	Date-Modified = {2014-07-14 12:23:27 +0200},
	Journal = {Computing and Visualization in Science},
	Number = {5},
	Pages = {221--228},
	Publisher = {Springer},
	Title = {A generalization of the vertex-centered finite volume scheme to arbitrary high order},
	Volume = {13},
	Year = {2010}}

@article{Xu09,
	Author = {Xu, Jinchao and Zou, Qingsong},
	Date-Added = {2014-07-03 10:49:03 +0200},
	Date-Modified = {2014-07-03 10:49:13 +0200},
	Journal = {Numerische Mathematik},
	Number = {3},
	Pages = {469--492},
	Publisher = {Springer},
	Title = {Analysis of linear and quadratic simplicial finite volume methods for elliptic equations},
	Volume = {111},
	Year = {2009}}

@article{Liebau96,
	Author = {Liebau, Frank},
	Date-Added = {2014-07-03 10:47:22 +0200},
	Date-Modified = {2014-07-14 11:52:06 +0200},
	Journal = {Computing},
	Number = {4},
	Pages = {281--299},
	Publisher = {Springer},
	Title = {The finite volume element method with quadratic basis functions},
	Volume = {57},
	Year = {1996}}

@article{Planck90,
	Author = {Planck, Max},
	Date-Added = {2014-07-02 18:53:17 +0200},
	Date-Modified = {2014-07-04 00:17:42 +0200},
	Journal = {Annalen der Physik},
	Number = {2},
	Pages = {161--186},
	Publisher = {Wiley Online Library},
	Title = {Ueber die Erregung von Electricit{\"a}t und W{\"a}rme in Electrolyten},
	Volume = {275},
	Year = {1890}}

@article{Nernst88,
	Author = {Nernst, Walther},
	Date-Added = {2014-07-02 18:48:00 +0200},
	Date-Modified = {2014-07-04 00:17:12 +0200},
	Journal = {Z. phys. Chem},
	Pages = {613--637},
	Title = {Zur Kinetik der in L{\"o}sung befindlichen K{\"o}rper. Erste Abhandlung. Theorie der Diffusion},
	Volume = {2},
	Year = {1888}}

@article{Stokes45,
	Author = {George Stokes},
	Date-Added = {2014-07-02 18:38:22 +0200},
	Date-Modified = {2014-07-04 00:19:12 +0200},
	Journal = {trans. Camb. Phil. Soc.},
	Pages = {287--305},
	Volume = {8},
	Year = {1845}}

@article{Navier23,
	Author = {Claude Navier},
	Date-Added = {2014-07-02 18:37:06 +0200},
	Date-Modified = {2014-07-04 00:16:49 +0200},
	Journal = {Mem acad. R. sci. paris},
	Pages = {389-416},
	Volume = {6},
	Year = {1823}}

@incollection{Childs12,
	Author = {Hank Childs and Eric Brugger and Brad Whitlock and Jeremy Meredith and Sean Ahern and David Pugmire and Kathleen Biagas and Mark Miller and Cyrus Harrison and Gunther H. Weber and Hari Krishnan and Thomas Fogal and Allen Sanderson and Christoph Garth and E. Wes Bethel and David Camp and Oliver R\"{u}bel and Marc Durant and Jean M. Favre and Paul Navr\'{a}til},
	Booktitle = {High Performance Visualization-Enabling Extreme-Scale Scientific Insight},
	Date-Added = {2014-07-02 18:00:23 +0200},
	Date-Modified = {2014-07-02 18:01:28 +0200},
	Pages = {357-372},
	Title = {VisIt: An End-User Tool For Visualizing and Analyzing Very Large Data},
	Year = {2012}}

@book{Bulirsch02,
	Author = {Bulirsch, Roland and Stoer, Josef},
	Date-Added = {2014-07-02 17:53:27 +0200},
	Date-Modified = {2014-07-14 15:28:41 +0200},
	Publisher = {Springer},
	Title = {Introduction to numerical analysis},
	Year = {2002}}

@article{Helfferich62,
	Author = {Helfferich, Friedrich},
	Date-Added = {2014-07-02 15:03:28 +0200},
	Date-Modified = {2014-07-02 15:04:14 +0200},
	Journal = {McGraw-Hili, New York},
	Title = {Ion exchange},
	Year = {1962}}

@article{Samson99,
	Author = {Samson, E. and Marchand, J},
	Date-Added = {2014-07-02 14:56:48 +0200},
	Date-Modified = {2014-07-14 11:58:45 +0200},
	Journal = {Journal of colloid and interface science},
	Number = {1},
	Pages = {1--8},
	Publisher = {Elsevier},
	Title = {Numerical solution of the extended Nernst-Planck model},
	Volume = {215},
	Year = {1999}}

@book{Nagele03a,
	Author = {N{\"a}gele, Sandra},
	Date-Added = {2014-07-02 13:59:49 +0200},
	Date-Modified = {2014-07-04 00:16:14 +0200},
	Title = {Mehrgitterverfahren f\"ur die inkompressiblen Navier-Stokes Gleichungen im laminaren und turbulenten Regime unter Ber\"ucksichtigung verschiedener Stabilisierungsmethoden (Dissertation)},
	Year = {2003}}

@article{Burggraf66,
	Author = {Burggraf, Odus},
	Date-Added = {2014-07-02 13:03:52 +0200},
	Date-Modified = {2014-07-03 23:56:52 +0200},
	Journal = {Journal of Fluid Mechanics},
	Number = {01},
	Pages = {113--151},
	Publisher = {Cambridge Univ Press},
	Title = {Analytical and numerical studies of the structure of steady separated flows},
	Volume = {24},
	Year = {1966}}

@article{Elder66,
	Author = {Elder, J.W.},
	Date-Added = {2014-07-02 12:01:37 +0200},
	Date-Modified = {2014-07-04 00:06:28 +0200},
	Journal = {Journal of Fluid Mechanics},
	Number = {04},
	Pages = {823--843},
	Publisher = {Cambridge Univ Press},
	Title = {Numerical experiments with free convection in a vertical slot},
	Volume = {24},
	Year = {1966}}

@article{Saad86,
	Author = {Saad, Yousef and Schultz, Martin H},
	Date-Added = {2014-07-01 13:23:55 +0200},
	Date-Modified = {2014-07-14 11:58:32 +0200},
	Journal = {SIAM Journal on scientific and statistical computing},
	Number = {3},
	Pages = {856--869},
	Publisher = {SIAM},
	Title = {GMRES: A generalized minimal residual algorithm for solving nonsymmetric linear systems},
	Volume = {7},
	Year = {1986}}

@article{Van-der-Vorst92,
	Author = {Van der Vorst, Henk},
	Date-Added = {2014-07-01 13:22:53 +0200},
	Date-Modified = {2014-07-14 12:52:14 +0200},
	Journal = {SIAM Journal on Scientific and Statistical Computing},
	Number = {2},
	Pages = {631--644},
	Publisher = {SIAM},
	Title = {Bi-CGStab: A fast and smoothly converging variant of Bi-CG for the solution of nonsymmetric linear systems},
	Volume = {13},
	Year = {1992}}

@book{Hestenes52,
	Author = {Hestenes, Magnus and Stiefel, Eduard},
	Date-Added = {2014-07-01 13:22:06 +0200},
	Date-Modified = {2014-07-14 11:43:29 +0200},
	Publisher = {National Bureau of Standards Washington, DC},
	Title = {Methods of conjugate gradients for solving linear systems},
	Volume = {49},
	Year = {1952}}

@book{Rupp14,
	Author = {Rupp, Martin},
	Date-Added = {2014-07-01 12:57:59 +0200},
	Date-Modified = {2014-07-01 12:58:25 +0200},
	Title = {Dissertation (in Vorbereitung)},
	Year = {2014}}

@phdthesis{Reiter14,
	Author = {Reiter, Sebastian},
	School = {Universit{\"a}t Frankfurt am Main},
	Title = {Effiziente Algorithmen und Datenstrukturen f{\"u}r die Realisierung von adaptiven, hierarchischen Gittern auf massiv parallelen Systemen},
	Year = {2014}}

@article{Reiter12,
	Author = {Reiter, Sebastian and Vogel, A and Heppner, I and Rupp, M and Wittum, G},
	Date-Added = {2014-06-30 16:48:23 +0200},
	Date-Modified = {2014-07-10 20:07:41 +0200},
	Journal = {Computing and Visualization in Science, accepted 2012, in Press},
	Title = {A massively parallel geometric multigrid solver on hierarchically distributed grids},
	Year = {2014}}

@incollection{Heppner13,
	Author = {Heppner, Ingo and Lampe, Michael and N{\"a}gel, Arne and Reiter, Sebastian and Rupp, Martin and Vogel, Andreas and Wittum, Gabriel},
	Booktitle = {High Performance Computing in Science and Engineering 12},
	Date-Added = {2014-06-30 16:48:18 +0200},
	Date-Modified = {2014-07-04 00:11:49 +0200},
	Pages = {435-449},
	Publisher = {Springer},
	Title = {Software framework ug4: {P}arallel multigrid on the {H}ermit supercomputer},
	Year = {2013}
}


@article{Vogel2013,
   author     = {Vogel, A. and Reiter, S. and Rupp, M. and N{\"a}gel, A. and Wittum, G.},
   title      = {{UG} 4: {A} novel flexible software system for simulating {PDE} based models on high performance computers},
   year       = {2013},
   journal    = {Computing and Visualization in Science},
   volume     = {16},
   number     = {4},
   pages      = {165-179},
   publisher  = {Springer Berlin Heidelberg},
   doi        = {10.1007/s00791-014-0232-9},
   url        = {http://dx.doi.org/10.1007/s00791-014-0232-9},
   issn       = {1432-9360},
   keywords   = {Simulation framework; Unstructured grids; Multigrid; Parallelization}
}


@article{Segal2010,
author = {Menahem Segal and Andreas Vlachos and Eduard Korkotian},
title = {The spine apparatus, synaptopodin, and dendritic spine plasticity},
journal = {The Neuroscientist},
volume = {16},
number = {2},
pages = {125-131},
year = {2010},
doi = {10.1177/1073858409355829},
note ={PMID: 20400711},
URL = {http://dx.doi.org/10.1177/1073858409355829},
eprint = {http://dx.doi.org/10.1177/1073858409355829}
}


@article{Bangerth09,
	Author = {Bangerth, Wolfgang and Kayser-Herold, O},
	Date-Added = {2014-06-29 15:58:29 +0200},
	Date-Modified = {2014-06-29 15:58:35 +0200},
	Journal = {ACM Transactions on Mathematical Software (TOMS)},
	Number = {1},
	Pages = {4},
	Publisher = {ACM},
	Title = {Data structures and requirements for hp finite element software},
	Volume = {36},
	Year = {2009}}

@article{Wieners97,
	Author = {Wieners, Christian},
	Date-Added = {2014-06-29 14:14:28 +0200},
	Date-Modified = {2014-06-29 14:23:30 +0200},
	Publisher = {Citeseer},
	Title = {The implementation of adaptive multigrid methods for finite elements},
	Year = {1997}}

@article{Bramble91,
	Author = {Bramble, James H. and Pasciak, Joseph E and Wang, Jun Ping and Xu, Jinchao},
	Date-Added = {2014-06-28 14:03:57 +0200},
	Date-Modified = {2014-07-03 23:54:49 +0200},
	Journal = {Mathematics of Computation},
	Number = {195},
	Pages = {23--45},
	Title = {Convergence estimates for multigrid algorithms without regularity assumptions},
	Volume = {57},
	Year = {1991}}

@article{Schwarz70,
	Author = {Schwarz, Hermann},
	Date-Added = {2014-06-28 10:56:27 +0200},
	Date-Modified = {2014-07-14 11:59:22 +0200},
	Journal = {Viertelsjahresschrift der Naturforschenden Gesellschaft in Z\"urich},
	Volume = {Bd. 15},
	Year = {1870}}

@book{Groh94,
	Author = {Groh, Ulrich},
	Date-Added = {2014-05-14 16:23:01 +0200},
	Date-Modified = {2014-05-14 16:23:11 +0200},
	Publisher = {Techn. Univ. Chemnitz-Zwickau},
	Title = {Lokale Realisierung von Vektoroperationen auf Parallelrechnern},
	Year = {1994}}

@article{Chou02,
	Author = {Chou, So-Hsiang and Kwak, Do Y},
	Date-Added = {2014-05-06 20:16:45 +0200},
	Date-Modified = {2014-05-06 20:17:09 +0200},
	Journal = {Numerische Mathematik},
	Number = {3},
	Pages = {441--458},
	Publisher = {Springer},
	Title = {Multigrid algorithms for a vertex--centered covolume method for elliptic problems},
	Volume = {90},
	Year = {2002}}

@article{Xu92,
	Author = {Xu, Jinchao},
	Date-Added = {2014-05-06 09:42:01 +0200},
	Date-Modified = {2014-05-06 09:42:09 +0200},
	Journal = {SIAM review},
	Number = {4},
	Pages = {581--613},
	Publisher = {SIAM},
	Title = {Iterative methods by space decomposition and subspace correction},
	Volume = {34},
	Year = {1992}}

@book{Brenner94,
	Author = {Brenner, Susanne C. and Scott, Ridgway},
	Date-Added = {2014-05-05 14:07:46 +0200},
	Date-Modified = {2014-07-03 23:54:59 +0200},
	Publisher = {Springer},
	Title = {The mathematical theory of finite element methods},
	Year = {1994}}

@book{Hackbusch85,
	Author = {Hackbusch, Wolfgang},
	Date-Added = {2014-05-05 13:49:28 +0200},
	Date-Modified = {2014-07-14 12:45:56 +0200},
	Publisher = {Springer},
	Title = {Multi-grid methods and applications},
	Volume = {4},
	Year = {1985}}

@book{Vogel08,
	Author = {Vogel, Andreas},
	Date-Added = {2014-05-05 11:24:12 +0200},
	Date-Modified = {2014-05-05 11:26:57 +0200},
	Publisher = {Diplomarbeit},
	Title = {Ein Finite-Volumen-Verfahren h{\"o}herer Ordnung mit Anwendung in der Biophysik},
	Year = {2008}}

@article{Brouwer11,
	Author = {Brouwer, Luitzen},
	Date-Added = {2014-05-02 11:43:40 +0200},
	Date-Modified = {2014-07-14 11:39:27 +0200},
	Journal = {Mathematische Annalen},
	Number = {2},
	Pages = {161--165},
	Publisher = {Springer},
	Title = {Beweis der Invarianz der Dimensionenzahl},
	Volume = {70},
	Year = {1911}}

@article{Whitehead49,
	Author = {Whitehead, John and others},
	Date-Added = {2014-04-30 17:47:27 +0200},
	Date-Modified = {2014-07-14 12:00:20 +0200},
	Journal = {Bull. Amer. Math. Soc},
	Number = {213-245},
	Pages = {453--496},
	Title = {Combinatorial homotopy II},
	Volume = {55},
	Year = {1949}}

@book{Grunbaum67,
	Author = {Gr\"unbaum, Branko and Klee, Victor and Perles, Micha A and Shephard, Geoffrey Colin},
	Date-Added = {2014-04-30 16:45:05 +0200},
	Date-Modified = {2014-04-30 16:45:50 +0200},
	Publisher = {Springer},
	Title = {Convex polytopes},
	Year = {1967}}

@book{Janich05,
	Author = {J{\"a}nich, Klaus},
	Date-Added = {2014-04-30 15:33:14 +0200},
	Date-Modified = {2014-07-14 12:47:35 +0200},
	Publisher = {Springer},
	Title = {Topologie},
	Year = {2005}}

@book{Fritsch90,
	Author = {Fritsch, Rudolf and Piccinini, Renzo},
	Date-Added = {2014-04-30 15:32:30 +0200},
	Date-Modified = {2014-04-30 15:33:29 +0200},
	Number = {19},
	Publisher = {Cambridge University Press},
	Title = {Cellular structures in topology},
	Year = {1990}}

@book{Henle94,
	Author = {Henle, Michael},
	Date-Added = {2014-04-30 15:32:04 +0200},
	Date-Modified = {2014-04-30 15:33:29 +0200},
	Publisher = {Courier Dover Publications},
	Title = {A combinatorial introduction to topology},
	Year = {1994}}

@book{Alexandroff35,
	Author = {Alexandroff, Paul and Hopf, Heinz},
	Date-Added = {2014-04-30 15:31:30 +0200},
	Date-Modified = {2014-07-03 23:52:19 +0200},
	Publisher = {Springer},
	Title = {Topologie. Erster Band},
	Year = {1935}}

@book{Lundell69,
	Author = {Lundell, Albert and Weingram, Stephen},
	Date-Added = {2014-04-30 15:30:41 +0200},
	Date-Modified = {2014-07-14 11:52:36 +0200},
	Publisher = {Springer},
	Title = {The topology of CW complexes},
	Year = {1969}}

@book{Moise77,
	Author = {Moise, Edwin E},
	Date-Added = {2014-04-30 15:30:15 +0200},
	Date-Modified = {2014-04-30 15:33:29 +0200},
	Publisher = {Springer},
	Title = {Geometric topology in dimensions 2 and 3},
	Year = {1977}}

@book{Ziegler95,
	Author = {Ziegler, G{\"u}nter},
	Date-Added = {2014-04-30 15:29:52 +0200},
	Date-Modified = {2014-07-14 12:00:34 +0200},
	Publisher = {Springer},
	Title = {Lectures on polytopes},
	Volume = {152},
	Year = {1995}}

@book{Berti00,
	Author = {Berti, Guntram},
	Date-Added = {2014-04-28 15:44:50 +0200},
	Date-Modified = {2014-04-30 15:33:29 +0200},
	Publisher = {Dissertation},
	Title = {Generic software components for Scientific Computing},
	Year = {2000}}

@incollection{Wieners03,
	Author = {Wieners, Christian},
	Booktitle = {Analysis and Simulation of Multifield Problems},
	Date-Added = {2014-04-25 20:00:05 +0200},
	Date-Modified = {2014-04-30 15:33:29 +0200},
	Pages = {189--196},
	Publisher = {Springer},
	Title = {Taylor-Hood elements in 3D},
	Year = {2003}}

@book{Douglas03,
	Author = {Douglas, Craig and Haase, Gundolf and Langer, Ulrich},
	Date-Added = {2014-04-24 11:32:04 +0200},
	Date-Modified = {2014-07-14 11:41:21 +0200},
	Publisher = {Siam},
	Title = {A tutorial on elliptic PDE solvers and their parallelization},
	Volume = {16},
	Year = {2003}}

@book{Haase99,
	Author = {Haase, Gundolf},
	Date-Added = {2014-04-24 11:31:47 +0200},
	Date-Modified = {2014-04-30 15:33:29 +0200},
	Publisher = {Teubner},
	Title = {Parallelisierung numerischer Algorithmen f{\"u}r partielle Differentialgleichungen},
	Year = {1999}}

@book{Barrett94,
	Author = {Barrett, Richard and Berry, Michael W and Chan, Tony F and Demmel, James and Donato, June and Dongarra, Jack and Eijkhout, Victor and Pozo, Roldan and Romine, Charles and Van der Vorst, Henk},
	Date-Added = {2014-04-24 11:30:42 +0200},
	Date-Modified = {2014-04-30 15:33:29 +0200},
	Publisher = {Siam},
	Title = {Templates for the solution of linear systems: building blocks for iterative methods},
	Volume = {43},
	Year = {1994}}

@book{Saad03,
	Author = {Saad, Yousef},
	Date-Added = {2014-04-24 11:30:06 +0200},
	Date-Modified = {2014-04-30 15:33:29 +0200},
	Publisher = {Siam},
	Title = {Iterative methods for sparse linear systems},
	Year = {2003}}

@article{Hackbusch91,
	Author = {Hackbusch, Wolfgang},
	Date-Added = {2014-04-24 11:28:42 +0200},
	Date-Modified = {2014-07-14 15:29:04 +0200},
	Journal = {Teubner},
	Title = {Iterative L{\"o}sung gro{\ss}er linearer Gleichungssysteme},
	Year = {1991}}

@book{Segol94,
	Author = {Segol, G.},
	Date-Added = {2014-03-28 22:07:33 +0100},
	Date-Modified = {2014-04-30 15:33:29 +0200},
	Publisher = {Prentice-Hall, Englewood Cliffs, NJ},
	Title = {Classic Groundwater Simulations: Proving and Improving Numerical Codes},
	Year = {1994}}

@article{Kolditz98,
	Author = {Kolditz, Olaf and Ratke, Rainer and Diersch, Hans-J{\"o}rg G and Zielke, Werner},
	Date-Added = {2014-03-28 21:55:54 +0100},
	Date-Modified = {2014-04-30 15:33:29 +0200},
	Journal = {Advances in Water Resources},
	Number = {1},
	Pages = {27--46},
	Publisher = {Elsevier},
	Title = {Coupled groundwater flow and transport: 1. Verification of variable density flow and transport models},
	Volume = {21},
	Year = {1998}}

@article{Henry64,
	Author = {Henry, Harold},
	Date-Added = {2014-03-28 21:54:47 +0100},
	Date-Modified = {2014-07-14 11:43:11 +0200},
	Journal = {US Geological Survey Water-Supply Paper},
	Pages = {C35--C70},
	Title = {Interfaces between salt water and fresh water in coastal aquifers},
	Year = {1964}}

@article{Chorin68,
	Author = {Chorin, Alexandre Joel},
	Date-Added = {2014-03-20 16:06:13 +0100},
	Date-Modified = {2014-04-30 15:33:29 +0200},
	Journal = {Mathematics of computation},
	Number = {104},
	Pages = {745--762},
	Title = {Numerical solution of the Navier-Stokes equations},
	Volume = {22},
	Year = {1968}}

@phdthesis{Nahb98,
	Author = {Nahb, G.},
	Date-Added = {2014-03-10 15:42:56 +0100},
	Date-Modified = {2014-04-30 15:33:29 +0200},
	School = {Universit{\"a}t Heidelberg},
	Title = {On higher order methods for the stationary incompressible Navier--Stokes equations},
	Year = {1998}}

@book{Schafer96,
	Author = {Sch{\"a}fer, Michael and Turek, Stefan},
	Date-Added = {2014-03-10 15:42:19 +0100},
	Date-Modified = {2014-04-30 15:33:29 +0200},
	Publisher = {Springer},
	Title = {Benchmark computations of laminar flow around a cylinder},
	Year = {1996}}

@article{John01,
	Author = {John, Volker and Matthies, Gunar},
	Date-Added = {2014-03-10 15:40:00 +0100},
	Date-Modified = {2014-04-30 15:33:29 +0200},
	Journal = {International Journal for Numerical Methods in Fluids},
	Number = {8},
	Pages = {885--903},
	Publisher = {Wiley Online Library},
	Title = {Higher-order finite element discretizations in a benchmark problem for incompressible flows},
	Volume = {37},
	Year = {2001}}

@article{Botella98,
	Author = {Botella, Olivier and Peyret, R.},
	Date-Added = {2014-03-04 14:52:08 +0100},
	Date-Modified = {2014-07-14 12:04:57 +0200},
	Journal = {Computers \& Fluids},
	Number = {4},
	Pages = {421--433},
	Publisher = {Elsevier},
	Title = {Benchmark spectral results on the lid-driven cavity flow},
	Volume = {27},
	Year = {1998}}

@article{Ghia82,
	Author = {Ghia, U. and Ghia, K. and Shin, C.},
	Date-Added = {2014-03-04 14:49:54 +0100},
	Date-Modified = {2014-07-14 11:42:29 +0200},
	Journal = {Journal of computational physics},
	Number = {3},
	Pages = {387--411},
	Publisher = {Elsevier},
	Title = {High-Re solutions for incompressible flow using the Navier-Stokes equations and a multigrid method},
	Volume = {48},
	Year = {1982}}

@book{Trottenberg01,
	Author = {Trottenberg, Ulrich and Oosterlee, Cornelis and Sch{\"u}ller, Anton},
	Date-Added = {2013-12-19 14:31:54 +0100},
	Date-Modified = {2014-04-30 15:33:29 +0200},
	Publisher = {Academic Press},
	Title = {Multigrid},
	Year = {2001}}

@webpage{Visit,
	Date-Added = {2013-05-07 09:30:06 +0200},
	Date-Modified = {2014-07-01 19:34:16 +0200},
	Url = {https://wci.llnl.gov/codes/visit/},
	Bdsk-Url-1 = {https://wci.llnl.gov/codes/visit/}}

@book{Henderson04,
	Author = {Henderson, Amy and Ahrens, Jim and Law, Charles},
	Date-Added = {2013-05-07 09:28:57 +0200},
	Date-Modified = {2014-04-30 15:33:29 +0200},
	Publisher = {Kitware Clifton Park, NY},
	Title = {The ParaView Guide},
	Year = {2004}}

@webpage{Paraview,
	Date-Added = {2013-05-07 09:28:15 +0200},
	Date-Modified = {2014-07-01 19:34:23 +0200},
	Url = {www.paraview.org},
	Bdsk-Url-1 = {www.paraview.org}}

@webpage{VTK,
	Date-Added = {2013-05-07 09:19:40 +0200},
	Date-Modified = {2014-07-01 19:34:28 +0200},
	Url = {www.vtk.org},
	Bdsk-Url-1 = {www.vtk.org}}

@book{Schroeder97,
	Author = {Schroeder, Will and Martin, Ken and Lorensen, Bill},
	Date-Added = {2013-05-07 09:19:27 +0200},
	Date-Modified = {2014-04-30 15:33:29 +0200},
	Publisher = {Prentice Hall},
	Title = {An Object-Oriented Approach To 3D Graphics},
	Year = {1997}}

@article{Johannsen04,
	Author = {Johannsen, Klaus},
	Date-Added = {2013-04-29 11:05:34 +0200},
	Date-Modified = {2014-04-30 15:33:29 +0200},
	Journal = {Habilitation},
	Title = {Numerische Aspekte dichtegetriebener Str{\"o}mung in por{\"o}sen Medien},
	Year = {2004}}

@book{Ern04,
	Author = {Ern, Alexandre and Guermond, Jean-Luc},
	Date-Added = {2013-04-25 10:01:50 +0200},
	Date-Modified = {2014-04-30 15:33:29 +0200},
	Publisher = {Springer},
	Title = {Theory and practice of finite elements},
	Volume = {159},
	Year = {2004}}

@book{Wloka82,
	Author = {Wloka, Joseph},
	Date-Added = {2013-04-25 09:59:13 +0200},
	Date-Modified = {2014-04-30 15:33:29 +0200},
	Publisher = {Teubner},
	Title = {Partielle Differentialgleichungen: Sobolevr{\"a}ume und Randwertaufgaben},
	Year = {1982}}

@book{Mazia11,
	Author = {Mazia, Vladimir and Mazia, V},
	Date-Added = {2013-04-25 09:58:56 +0200},
	Date-Modified = {2014-07-04 00:15:31 +0200},
	Publisher = {Springer},
	Title = {Sobolev Spaces: With Applications to Elliptic Partial Differential Equations},
	Volume = {342},
	Year = {2011}}

@book{Necas67,
	Author = {Ne{\v{c}}as, Jind{\v{r}}ich},
	Date-Added = {2013-04-25 09:57:33 +0200},
	Date-Modified = {2014-04-30 15:33:29 +0200},
	Publisher = {Academia},
	Title = {Les m{\'e}thodes directes en th{\'e}orie des {\'e}quations elliptiques},
	Year = {1967}}

@misc{Agmon65,
	Author = {Agmon, Shmuel},
	Date-Added = {2013-04-25 09:56:48 +0200},
	Date-Modified = {2014-07-03 23:52:02 +0200},
	Publisher = {Van Nostrand Mathematical Studies},
	Title = {Lectures on elliptic boundary value problems},
	Year = {1965}}

@misc{Grisvard85,
	Author = {Grisvard, Pierre},
	Date-Added = {2013-04-25 09:52:02 +0200},
	Date-Modified = {2014-07-04 00:09:53 +0200},
	Publisher = {Advanced Publishing Program), Boston, MA},
	Title = {Elliptic problems in nonsmooth domains, Volume 24 of Monographs and Studies in Mathematics. Pitman},
	Year = {1985}}

@misc{Adams75,
	Author = {Adams, Robert},
	Date-Added = {2013-04-25 09:50:40 +0200},
	Date-Modified = {2014-07-03 23:45:18 +0200},
	Publisher = {Academic Press, New York},
	Title = {Sobolev spaces},
	Year = {1975}}

@book{Reynolds00,
	Author = {Reynolds, Osborne},
	Date-Added = {2013-04-22 13:52:45 +0200},
	Date-Modified = {2014-04-30 15:33:29 +0200},
	Publisher = {Cambridge Univ Press},
	Title = {Papers on mechanical and physical subjects},
	Volume = {3},
	Year = {1900}}

@article{Bristeau87,
	Author = {Bristeau, Marie and Glowinski, R. and Periaux, J.},
	Date-Added = {2011-10-04 14:16:03 +0200},
	Date-Modified = {2014-07-03 23:56:18 +0200},
	Journal = {Computer Physics Reports},
	Pages = {73--187},
	Title = {Numerical methods for the Navier-Stokes equations. Applications to the simulation of compressible and incompressible viscous flows},
	Volume = {6},
	Year = {1987}}

@article{Dahlquist63,
	Author = {Dahlquist, G.G.},
	Date-Added = {2011-09-29 17:34:44 +0200},
	Date-Modified = {2014-04-30 15:33:29 +0200},
	Journal = {BIT Numerical Mathematics},
	Number = {1},
	Pages = {27--43},
	Publisher = {Springer},
	Title = {A special stability problem for linear multistep methods},
	Volume = {3},
	Year = {1963}}

@article{Crouzeix75,
	Author = {Crouzeix, Michel},
	Date-Added = {2011-09-29 16:02:32 +0200},
	Date-Modified = {2014-07-04 00:03:29 +0200},
	Journal = {These, Universit{\'e} de Paris VI},
	Title = {Sur l'approximation des {\'e}quations diff{\'e}rentielles op{\'e}rationnelles lin{\'e}aires par des m{\'e}thodes de Runge-Kutta},
	Year = {1975}}

@article{Butcher63,
	Author = {Butcher, John},
	Date-Added = {2011-09-29 16:01:42 +0200},
	Date-Modified = {2014-07-03 23:59:06 +0200},
	Journal = {J. Austral. Math. Soc},
	Pages = {185--201},
	Publisher = {Cambridge Univ Press},
	Title = {Coefficients for the study of Runge-Kutta integration processes},
	Volume = {3},
	Year = {1963}}

@article{Alexander77,
	Author = {Alexander, Roger},
	Date-Added = {2011-09-29 15:55:36 +0200},
	Date-Modified = {2014-07-03 23:46:45 +0200},
	Journal = {SIAM Journal on Numerical Analysis},
	Pages = {1006--1021},
	Publisher = {JSTOR},
	Title = {Diagonally implicit Runge-Kutta methods for stiff ODE's},
	Year = {1977}}

@book{Hairer91,
	Author = {Hairer, E. and Wanner, G.},
	Date-Added = {2011-09-29 13:43:26 +0200},
	Date-Modified = {2014-07-14 12:46:44 +0200},
	Publisher = {Springer},
	Title = {Solving ordinary differential equations II: Stiff and differential-algebraic problems},
	Volume = {14},
	Year = {1991}}

@book{Hairer87,
	Author = {Hairer, E. and N{\o}rsett, S.P. and Wanner, G.},
	Date-Added = {2011-09-29 13:42:34 +0200},
	Date-Modified = {2014-07-14 12:46:48 +0200},
	Publisher = {Springer},
	Title = {Solving ordinary differential equations I: Nonstiff problems},
	Volume = {1},
	Year = {1987}}

@article{Bramble71,
	Author = {Bramble, J.H. and Hilbert, SR},
	Date-Added = {2011-09-14 09:23:23 +0200},
	Date-Modified = {2014-04-30 15:33:29 +0200},
	Journal = {Numerische Mathematik},
	Number = {4},
	Pages = {362--369},
	Publisher = {Springer},
	Title = {Bounds for a class of linear functionals with applications to Hermite interpolation},
	Volume = {16},
	Year = {1971}}

@article{Bramble70,
	Author = {Bramble, J.H. and Hilbert, SR},
	Date-Added = {2011-09-14 09:23:08 +0200},
	Date-Modified = {2014-04-30 15:33:29 +0200},
	Journal = {SIAM Journal on Numerical Analysis},
	Number = {1},
	Pages = {112--124},
	Publisher = {JSTOR},
	Title = {Estimation of linear functionals on Sobolev spaces with application to Fourier transforms and spline interpolation},
	Volume = {7},
	Year = {1970}}

@book{Ciarlet78,
	Author = {Ciarlet, Philippe G.},
	Date-Added = {2011-09-14 09:21:48 +0200},
	Date-Modified = {2014-07-04 00:01:51 +0200},
	Publisher = {North-Holland},
	Title = {The finite element method for elliptic problems},
	Volume = {4},
	Year = {1978}}

@article{Bastian99,
	Author = {Bastian, Peter and Birken, K. and Johannsen, K. and Lang, S. and Reichenberger, V. and Wieners, C. and Wittum, G. and Wrobel, C.},
	Date-Added = {2010-12-13 12:54:02 +0100},
	Date-Modified = {2014-07-03 23:48:39 +0200},
	Journal = {High performance computing in science and engineering},
	Keywords = {UG},
	Pages = {326--339},
	Publisher = {Citeseer},
	Title = {A parallel software-platform for solving problems of partial differential equations using unstructured grids and adaptive multigrid methods},
	Volume = {98},
	Year = {1999}}

@article{Hoffer11,
	Author = {Hoffer},
	Date-Added = {2010-12-23 18:14:29 +0100},
	Date-Modified = {2014-04-30 15:33:29 +0200},
	Journal = {Computing and Visualization in Science},
	Title = {VRL, In preparation.},
	Year = {2011}}

@article{Gropp99,
	Author = {Gropp, William and Lusk, E. and Skjellum, A.},
	Date-Added = {2010-12-23 17:20:15 +0100},
	Date-Modified = {2014-07-14 12:08:34 +0200},
	Title = {Using MPI: portable parallel programming with the message passing interface},
	Year = {1999}}

@article{Frolkovic08,
	Author = {Frolkovic, P. and Logashenko, D. and Wittum, G.},
	Date-Added = {2010-12-23 16:45:13 +0100},
	Date-Modified = {2014-04-30 15:33:29 +0200},
	Journal = {Finite Volumes for Complex Applications, ISTE and Wiley},
	Pages = {425--422},
	Title = {Flux-Based Level Set Method for Two-Phase Flow},
	Year = {2008}}

@article{Frolkovic08a,
	Author = {Frolkovic, P. and Mikula, K.},
	Date-Added = {2010-12-23 16:44:52 +0100},
	Date-Modified = {2014-04-30 15:33:29 +0200},
	Issn = {1064-8275},
	Journal = {SIAM Journal on Scientific Computing},
	Number = {2},
	Pages = {579--597},
	Publisher = {Citeseer},
	Title = {High-resolution flux-based level set method},
	Volume = {29},
	Year = {2008}}

@article{Muha10,
	Author = {Muha, I. and Naegel, A. and Stichel, S. and Grillo, A. and Heisig, M. and Wittum, G.},
	Date-Added = {2010-12-23 16:25:02 +0100},
	Date-Modified = {2014-04-30 15:33:29 +0200},
	Issn = {0376-7388},
	Journal = {Journal of Membrane Science},
	Publisher = {Elsevier},
	Title = {Effective diffusivity in membranes with tetrakaidekahedral cells and implications for the permeability of human stratum corneum},
	Year = {2010}}

@article{Naegel09,
	Author = {Naegel, A. and Heisig, M. and Wittum, G.},
	Date-Added = {2010-12-23 16:25:01 +0100},
	Date-Modified = {2014-04-30 15:33:29 +0200},
	Issn = {0939-6411},
	Journal = {European Journal of Pharmaceutics and Biopharmaceutics},
	Number = {2},
	Pages = {332--338},
	Publisher = {Elsevier},
	Title = {A comparison of two-and three-dimensional models for the simulation of the permeability of human stratum corneum},
	Volume = {72},
	Year = {2009}}

@article{Nagele03,
	Author = {Nagele, Sandra and Wittum, Gabriel},
	Date-Added = {2010-12-13 14:14:16 +0100},
	Date-Modified = {2014-04-30 15:33:29 +0200},
	Journal = {Electronic Transactions on Numerical Analysis},
	Keywords = {NS},
	Pages = {152--164},
	Title = {Large-eddy simulation and multigrid methods},
	Volume = {15},
	Year = {2003}}

@webpage{Wieners,
	Author = {Wieners, C.},
	Date-Added = {2010-12-23 16:08:14 +0100},
	Date-Modified = {2014-04-30 15:33:29 +0200},
	Title = {M++},
	Bdsk-Url-1 = {http://www.mathematik.uni-karlsruhe.de/%E2%88%BCwieners}}

@article{Bastian08,
	Author = {Bastian, Peter and Blatt, M. and Dedner, A. and Engwer, C. and Kl{\"o}fkorn, R. and Ohlberger, M. and Sander, O.},
	Date-Added = {2010-12-23 15:53:41 +0100},
	Date-Modified = {2014-07-03 23:49:19 +0200},
	Issn = {0010-485X},
	Journal = {Computing},
	Number = {2},
	Pages = {103--119},
	Publisher = {Springer},
	Title = {A generic grid interface for parallel and adaptive scientific computing. Part I: Abstract framework},
	Volume = {82},
	Year = {2008}}

@book{Schmidt05,
	Author = {Schmidt, A. and Siebert, K.G.},
	Date-Added = {2010-12-23 15:52:02 +0100},
	Date-Modified = {2014-04-30 15:33:29 +0200},
	Isbn = {354022842X},
	Publisher = {Springer Verlag},
	Title = {Design of adaptive finite element software: The finite element toolbox ALBERTA},
	Year = {2005}}

@article{Bank07,
	Author = {Bank, Randolph},
	Date-Added = {2010-12-23 15:51:22 +0100},
	Date-Modified = {2014-07-14 12:40:48 +0200},
	Publisher = {Citeseer},
	Title = {PLTMG: a software package for solving elliptic partial differential equations -- user's guide 10.0},
	Year = {2007}}

@article{Frolkovic96,
	Author = {Frolkovic, Peter},
	Date-Added = {2010-12-23 11:14:25 +0100},
	Date-Modified = {2014-07-04 00:07:13 +0200},
	Journal = {Finite Volumes for Complex Applications},
	Pages = {433--440},
	Title = {Finite volume discretizations of density driven flows in porous media},
	Year = {1996}}

@article{Leijnse92,
	Author = {Leijnse, A.},
	Date-Added = {2010-12-23 11:13:44 +0100},
	Date-Modified = {2014-04-30 15:33:29 +0200},
	Publisher = {University of Notre Dame Notre Dame, IN, USA},
	Title = {Three-dimensional modeling of coupled flow and transport in porous media},
	Year = {1992}}

@article{Hauser07,
	Author = {Hauser, A. and Wittum, G.},
	Date-Added = {2010-12-13 14:16:29 +0100},
	Date-Modified = {2014-04-30 15:33:29 +0200},
	Journal = {High Performance Computing in Science and Engineering06},
	Keywords = {NS},
	Pages = {269--278},
	Publisher = {Springer},
	Title = {Parallel Large Eddy Simulation with {U}{G}},
	Year = {2007}}

@article{Grillo10,
	Author = {Grillo, A. and Lampe, M. and Wittum, G.},
	Date-Added = {2010-12-13 13:56:37 +0100},
	Date-Modified = {2014-04-30 15:33:29 +0200},
	Journal = {Computing and Visualization in Science},
	Keywords = {D3F},
	Pages = {287--297},
	Publisher = {Springer},
	Title = {Three-dimensional simulation of the thermohaline-driven buoyancy of a brine parcel},
	Volume = {13},
	Year = {2010}}

@article{Voss87,
	Author = {Voss, Clifford and Souza, W.R.},
	Date-Added = {2010-12-22 11:22:34 +0100},
	Date-Modified = {2014-07-14 12:15:04 +0200},
	Issn = {0043-1397},
	Journal = {Water Resources Research},
	Number = {10},
	Pages = {1851--1866},
	Publisher = {American Geophysical Union},
	Title = {Variable density flow and solute transport simulation of regional aquifers containing a narrow freshwater-saltwater transition zone},
	Volume = {23},
	Year = {1987}}

@inproceedings{Bastian94a,
	Address = {Basel},
	Author = {Bastian, Peter and Wittum, G.},
	Booktitle = {Multigrid Methods IV, Proceedings of the Fourth European Multigrid Conference, Amsterdam, 1993},
	Date-Added = {2010-12-13 13:11:44 +0100},
	Date-Modified = {2014-07-03 23:49:11 +0200},
	Editor = {Hemker, P. and Wesseling, P.},
	Keywords = {UG},
	Pages = {1--17},
	Publisher = {Birkh{\"a}user},
	Title = {Robustness and adaptivity: The UG concept.},
	Year = {1994}}

@article{Nagele07,
	Author = {Sandra N{\"a}gele and Gabriel Wittum},
	Date-Modified = {2014-04-30 15:33:29 +0200},
	Journal = {Journal of Computational Physics},
	Keywords = {NS},
	Number = {1},
	Pages = {100 - 116},
	Title = {On the influence of different stabilisation methods for the incompressible Navier-Stokes equations},
	Volume = {224},
	Year = {2007}}

@article{Lang06,
	Author = {Lang, Stefan},
	Date-Added = {2010-12-13 12:53:18 +0100},
	Date-Modified = {2014-07-14 11:43:54 +0200},
	Issn = {0177-0667},
	Journal = {Engineering with Computers},
	Keywords = {UG},
	Number = {3},
	Pages = {157--179},
	Publisher = {Springer},
	Title = {Parallel-adaptive simulation with the multigrid-based software framework UG},
	Volume = {22},
	Year = {2006}}

@incollection{Bastian00,
	Author = {Bastian, Peter and Birken, K. and Johannsen, K. and Lang, S. and Reichenberger, V. and Wieners, C. and Wittum, G. and Wrobel, C.},
	Booktitle = {High performance computing in science and engineering},
	Date-Added = {2010-12-13 12:53:54 +0100},
	Date-Modified = {2014-07-14 12:41:56 +0200},
	Keywords = {UG},
	Pages = {506--519},
	Title = {Parallel solution of partial differential equations with adaptive multigrid methods on unstructured grids},
	Year = {2000}}

@article{Bastian97,
	Author = {Bastian, Peter and Birken, K. and Johannsen, K. and Lang, S. and Neuss, N. and Rentz-Reichert, H. and Wieners, C.},
	Date-Added = {2010-12-13 12:53:03 +0100},
	Date-Modified = {2014-07-14 12:41:30 +0200},
	Issn = {1432-9360},
	Journal = {Computing and Visualization in Science},
	Keywords = {UG},
	Number = {1},
	Pages = {27--40},
	Publisher = {Springer},
	Title = {UG -- a flexible software toolbox for solving partial differential equations},
	Volume = {1},
	Year = {1997}}

@inproceedings{Bastian93,
	Author = {Bastian, Peter and Wittum, G.},
	Booktitle = {Proceeding of the Ninth GAMM Seminar, Kiel},
	Date-Added = {2010-12-13 12:52:59 +0100},
	Date-Modified = {2014-07-14 12:42:34 +0200},
	Keywords = {UG},
	Pages = {24},
	Title = {Adaptive multigrid methods: The UG concept, Adaptive methods -- Algorithms, theory and applications},
	Volume = {22},
	Year = {1993}}

@article{Lang05,
	Author = {Lang, Stefan and Wittum, G.},
	Date-Added = {2010-12-13 12:52:43 +0100},
	Date-Modified = {2014-07-14 11:44:01 +0200},
	Issn = {1532-0634},
	Journal = {Concurrency and Computation: Practice and Experience},
	Keywords = {UG},
	Number = {11},
	Pages = {1415--1440},
	Publisher = {John Wiley \& Sons},
	Title = {Large-scale density-driven flow simulations using parallel unstructured grid adaptation and local multigrid methods},
	Volume = {17},
	Year = {2005}}

@article{Bastian94,
	Author = {Bastian, Peter and Wittum, G.},
	Date-Added = {2010-12-13 12:52:30 +0100},
	Date-Modified = {2014-07-03 23:48:48 +0200},
	Issn = {0179-9614},
	Journal = {Notes on numerical fluid mechanics},
	Keywords = {UG},
	Pages = {17--17},
	Publisher = {FRIEDRICH VIEWEG \& SOHN},
	Title = {Adaptive multigrid methods: The UG concept},
	Volume = {46},
	Year = {1994}}

@article{Bank87,
	Author = {Randolph Bank and D. Rose},
	Date-Added = {2007-12-12 15:35:21 +0100},
	Date-Modified = {2014-07-03 23:53:22 +0200},
	Journal = {SIAM Journal of Numerical Analysis},
	Keywords = {FV},
	Number = {4},
	Pages = {777-787},
	Title = {Some error estimates for the box method},
	Volume = {24},
	Year = {1987}}

@article{Hackbusch89,
	Author = {Wolfgang Hackbusch},
	Date-Added = {2007-12-12 15:18:42 +0100},
	Date-Modified = {2014-07-04 00:10:45 +0200},
	Journal = {Computing},
	Keywords = {FV},
	Pages = {277-296},
	Title = {On first and second order box schemes},
	Volume = {41},
	Year = {1989}}

@book{Bey98,
	Author = {J{\"u}rgen Bey},
	Date-Added = {2007-11-29 13:44:27 +0100},
	Date-Modified = {2014-07-14 15:29:16 +0200},
	Keywords = {FV},
	Publisher = {Teubner},
	Title = {{F}inite-{V}olumen- und {M}ehrgitter-{V}erfahren f{\"u}r elliptische {R}andwertprobleme},
	Year = {1998}}

@article{Xu05,
	Author = {Jinchao Xu and Qingsong Zou},
	Date-Added = {2007-10-27 13:37:59 +0200},
	Date-Modified = {2014-04-30 15:33:29 +0200},
	Journal = {preprint AM298, Math. Dept., Penn State},
	Keywords = {FV},
	Title = {Analysis of linear and quadratic finite volume methods for elliptic equations},
	Year = {2005}}

@book{Quarteroni94,
	Author = {Quarteroni, Alfio and Valli, Alberto},
	Date-Modified = {2014-07-04 00:18:03 +0200},
	Isbn = {3-540-57111-6, 0-387-57111-6},
	Keywords = {FE},
	Pages = {XVI, 543 S.},
	Publisher = {Springer},
	Title = {Springer series in computational mathematics},
	Volume = {23},
	Year = {1994}}

@book{Alt06,
	Author = {Alt, Hans Wilhelm},
	Date-Modified = {2014-07-14 15:27:36 +0200},
	Isbn = {3-540-34186-2},
	Keywords = {PDE},
	Pages = {XIV, 431 S.},
	Publisher = {Springer},
	Title = {{L}ineare {F}unktionalanalysis},
	Year = {2006}}

@book{Babuska72,
	Address = {New York, NY},
	Author = {Babuska, Ivo and Aziz, A.K.},
	Date-Modified = {2014-07-14 12:04:33 +0200},
	Isbn = {0-12-068650-3},
	Keywords = {FE},
	Pages = {pp. 3-363},
	Publisher = {Acad. Press},
	Title = {The mathematical foundations of the finite element method with applications to partial differential equations},
	Year = {1972}}

@book{Heinrich87,
	Author = {Heinrich, Bernd},
	Date-Modified = {2014-04-30 15:33:29 +0200},
	Isbn = {3-7643-1880-5, 0-8176-1880-5},
	Keywords = {FD},
	Pages = {206 S.},
	Publisher = {International series of numerical mathematics, {B}irkh{\"a}user},
	Title = {Finite difference methods on irregular networks},
	Volume = {82},
	Year = {1987}}

@book{Knabner00,
	Author = {Knabner, Peter and Angermann, Lutz},
	Date-Modified = {2014-07-14 12:48:16 +0200},
	Isbn = {3-540-66231-6},
	Keywords = {PDE},
	Pages = {XI, 365 S.},
	Publisher = {Springer},
	Title = {{N}umerik partieller {D}ifferentialgleichungen},
	Year = {2000}}

@book{Ciarlet91,
	Address = {Amsterdam},
	Author = {Philippe G. Ciarlet and J.L. Lions},
	Date-Modified = {2014-07-04 00:02:04 +0200},
	Isbn = {0-444-70365-9},
	Keywords = {FE},
	Pages = {IX, 928 S.},
	Publisher = {North-Holland},
	Title = {Finite element methods (part 1)},
	Year = {1991}}

@book{Braess03,
	Author = {Braess, Dietrich},
	Date-Modified = {2014-07-14 12:43:25 +0200},
	Isbn = {3-540-00122-0},
	Keywords = {FE},
	Pages = {XVI, 342 S.},
	Publisher = {Springer},
	Title = {Finite Elemente},
	Year = {2003}}

@book{Gilbarg01,
	Author = {Gilbarg, David and Trudinger, Neil S.},
	Date-Modified = {2014-07-14 12:45:23 +0200},
	Isbn = {3-540-41160-7},
	Keywords = {PDE},
	Pages = {XIII, 517 S.},
	Publisher = {Springer},
	Title = {Elliptic partial differential equations of second order},
	Year = {2001}}

@book{Li00,
	Author = {Li, Ronghua and Chen, Zhongying and Wu, Wei},
	Date-Modified = {2014-04-30 15:33:29 +0200},
	Isbn = {0-8247-0330-8},
	Keywords = {FV},
	Pages = {XV, 442 S.},
	Publisher = {Dekker},
	Title = {Generalized difference methods for differential equations},
	Volume = {226},
	Year = {2000}}

@book{Fritsch04,
	Address = {Berlin ; Heidelberg [u.a.]},
	Author = {Fritsch, Peter},
	Date-Modified = {2014-04-30 15:33:29 +0200},
	Isbn = {3-540-00332-0},
	Keywords = {Skin},
	Pages = {XIII, 1101 S.},
	Publisher = {Springer},
	Title = {Dermatologie, {V}enerologie},
	Year = {2004}}

@article{Reisinger2007,
	Author = {Christoph Reisinger AND Gabriel Wittum},
	Journal = {SIAM Journal on Scientific Computing},
	Number = {1},
	Owner = {peter},
	Pages = {440-458},
	Timestamp = {2011.09.27},
	Title = {{Efficient Hierarchical Approximation of High-Dimensional Option Pricing Problem}},
	Volume = {29},
	Year = {2007}}

@book{Griebel1992,
	Author = {Griebel, M. and Schneider, M. and Zenger, C.},
	Date-Added = {2011-10-11 08:31:46 +0200},
	Date-Modified = {2011-10-11 08:33:19 +0200},
	Editor = {Groen, P and Beauwens, R},
	Publisher = {Elsevier},
	Title = {A combination technique for the solution of sparse grid problems},
	Year = {1992}}

@article{schroeder12,
	Author = {Schroeder, Philipp and Gerstner, Thomas and Wittum, Gabriel},
	Journal = {Working paper},
	Title = {Taylor-like ANOVA Expansion for High-Dimension PDEs in Finance},
	Year = {2012}}

@article{schroeder14,
	Author = {Schroeder, Philipp and Schober, Peter and Wittum, Gabriel},
	Journal = {Working paper},
	Title = {Efficient parallel solution methods for high-dimensional option pricing problems},
	Year = {2014}}

@incollection{schroeder13,
	Author = {Schroeder, Philipp and Mlynczak, Peter and Wittum, Gabriel},
	Booktitle = {Recent Developments in Computational Finance},
	Pages = {445--472},
	Publisher = {Gerstner, Thomas and Kloeden, Peter},
	Title = {Dimension-wise decompositions and their efficient parallelization},
	Year = {2013}}

@mastersthesis{mlynczak11,
	Author = {Mlynczak, Peter},
	School = {Goethe-Center for Scientific Computing, Goethe-Universtity Frankfurt},
	Title = {Parallelisierungskonzepte hochdimensionaler partieller Differenzialgleichungen mit Anwendung in der Finanzmathematik},
	Year = {2011}}

@article{Phillips2005,
	Author = {Phillips, C. J. and Braun, R. and Wang, W. and Gumbart, J. and Tajkhorshid, E. and Villa, E. and Chipot, C. and Skeel, R. D. and Kale, L. and Schulten, K.},
	Journal = {J. Comp. Chem.},
	Pages = {1781--1802},
	Title = {Scalable molecular dynamics with {NAMD}},
	Volume = {26(16)},
	Year = {2005}}

@article{Jorgensen1983,
	Author = {Jorgensen, W. L. and Chandrasekhar, J. and Madura, J. D. and Impey, R. W. and Klein, M. L.},
	Doi = {doi:10.1063/1.445869},
	Journal = {J. Chem Phys},
	Pages = {926--935},
	Title = {Comparison of simple potential functions for simulating liquid water},
	Year = {1983},
	Bdsk-Url-1 = {http://dx.doi.org/10.1063/1.445869}}

@article{MacKerell1998,
	Author = {MacKerell, A. D. and Brooks, B. and Brooks, C. L. and Nilsson, L. and Roux, B. and Won, Y. and Karplus, M.},
	Journal = {The Encyclopedia of Computational Chemistry},
	Pages = {271--277},
	Title = {{CHARMM}: {T}he energy function and its parameterization with an overview of the program},
	Year = {1998}}

@article{Harrison2011,
	Author = {Harrison, O. J. and Jin, X. and Hong, S. and Bahna, F. and Ahlsen, G. and Brasch, J. and Wu, Y. and Vendome, J. and Felsovalyi, K. and Hampton, C. M. and Troyanovsky, R. B. and Ben-Shaul, A. and Frank, J. and Troyanovsky, S. M. and Shapiro, L. and Honig, B.},
	Journal = {Structure},
	Pages = {244-256},
	Title = {The extracellular architecture of adherens junctions revealed by crystal structures of type I cadherins},
	Volume = {19},
	Year = {2011}}

@article{Cheatham1995,
	Author = {Cheatham, T. E. and Miller, J. H. and Fox, T. and Darden, P. A. and Kollman, P. A.},
	Journal = {J. Am Chem Soc},
	Title = {Moelcular {D}ynamics {S}imulations on {S}olvated {B}iomolecular {S}ystems: {T}he {P}article {M}esh {E}wald {M}ethod {L}eads to {S}table {T}rajectories of {D}{N}{A}, {R}{N}{A} and {P}roteins},
	Volume = {117(4193)},
	Year = {1995}}

@article{Darden1993,
	Author = {Darden, T. and York, D. and Pedersen, L.},
	Journal = {J. Chem. Phys.},
	Title = {Particle mesh {E}wald: {A}n {N}log({N}) method for {E}wald sums in large systems},
	Volume = {98},
	Year = {1993}}

@article{Fernandez2003,
	Author = {Fernandez, A. and Scott, L. R.},
	Journal = {Phys. Rev. Lett.},
	Title = {Molecular dimension explored in evolution to promote proteomic complexity},
	Volume = {91},
	Year = {2003}}

@article{Fernandez2004,
	Author = {Fernandez, A. and Rogale, K. and Scott, R. and Scheraga, H. A.},
	Journal = {Proc. Natl. Acad. Sci. USA},
	Pages = {11640--11645},
	Title = {Inhibitor design by wrapping packing defects in HIV-1 proteins},
	Volume = {101},
	Year = {2004}}

@article{Grein14,
	Author = {Grein, Stephan and Stepniewski, Martin and Reiter, Sebastian and Knodel, Markus M and Queisser, Gillian},
	Doi = {10.3389/fninf.2014.00068},
	Issn = {1662-5196},
	Journal = {Frontiers in Neuroinformatics},
	Number = {68},
	Title = {1D-3D Hybrid Modelling - From Multi-Compartment Models to Full Resolution Models in Space and Time},
	Url = {http://www.frontiersin.org/neuroinformatics/10.3389/fninf.2014.00068/abstract},
	Volume = {8},
	Year = {2014},
	Bdsk-Url-1 = {http://www.frontiersin.org/neuroinformatics/10.3389/fninf.2014.00068/abstract},
	Bdsk-Url-2 = {http://dx.doi.org/10.3389/fninf.2014.00068}}

@article{Grein13,
	Author = {Grein, Stephan},
	Journal = {Masterarbeit},
	Title = {In silico Modelling of Synaptic Calcium-Dynamics with respect to Calcium-Mediated N-Cadherin Interaction in full Spatial and Temporal Resolution},
	Year = {2013}}

@phdthesis{VogelPHD,
	Author = {Vogel, Andreas},
	School = {Universit{\"a}t Frankfurt am Main},
	Title = {Flexible und kombinierbare Implementierung von Finite-Volumen-Verfahren h{\"o}herer Ordnung mit Anwendungen f{\"u}r die Konvektions-Diffusions-, Navier-Stokes- und Nernst-Planck-Gleichungen sowie dichtegetriebene Grundwasserstr{\"o}mung in por{\"o}sen Medien},
	Year = {2014}}

@article{Mitragotri2011,
	Author = {Samir Mitragotri and Yuri G. Anissimov and Annette L. Bunge and H. Frederick Frasch and Richard H. Guy and Jonathan Hadgraft and Gerald B. Kasting and Majella E. Lane and Michael S. Roberts},
	Doi = {http://dx.doi.org/10.1016/j.ijpharm.2011.02.023},
	Issn = {0378-5173},
	Journal = {International Journal of Pharmaceutics},
	Keywords = {Exposure assessment},
	Number = {1},
	Pages = {115 - 129},
	Title = {Mathematical models of skin permeability: An overview},
	Url = {http://www.sciencedirect.com/science/article/pii/S037851731100158X},
	Volume = {418},
	Year = {2011},
	Bdsk-Url-1 = {http://www.sciencedirect.com/science/article/pii/S037851731100158X},
	Bdsk-Url-2 = {http://dx.doi.org/10.1016/j.ijpharm.2011.02.023}}

@article{Naegel2012,
	Author = {Arne Naegel and Michael Heisig and Gabriel Wittum},
	Doi = {http://dx.doi.org/10.1016/j.addr.2012.10.009},
	Issn = {0169-409X},
	Journal = {Advanced Drug Delivery Reviews},
	Keywords = {Drug diffusion},
	Number = {2},
	Pages = {191 - 207},
	Title = {Detailed modeling of skin penetration -- An overview},
	Url = {http://www.sciencedirect.com/science/article/pii/S0169409X12003559},
	Volume = {65},
	Year = {2013},
	Bdsk-Url-1 = {http://www.sciencedirect.com/science/article/pii/S0169409X12003559},
	Bdsk-Url-2 = {http://dx.doi.org/10.1016/j.addr.2012.10.009}}

@article{Wittmann2009,
    Author = {Wittmann, M. and Queisser, G. and Eder, A. and Wiegert, J.S. and Bengtson, C.P. and Hellwig, A. and Wittum, G. and Bading, H.},
    Journal = {Journal of Neuroscience},
    Title = {Synaptic Activity Induces Dramatic Changes in the Geometry of the Cell Nucleus: Interplay Between Nuclear Structure, Histone H3 Phosphorylation, and Nuclear Calcium Signaling},
    Volume = {29(47)},
    Pages = {14687-14700},
    Year = {2009}
}

@article{Queisser11,
	Author = {Queisser, Gillian and Wiegert, S and Bading, H},
	Journal = {Nucleus},
	Number = {2},
	Pages = {98-104},
	Title = {Structural dynamics of the nucleus: Basis for Morphology Modulation of Nuclear Calcium Signaling and Gene Transcription},
	Volume = {2},
	Year = {2011}}

@book{Breit13,
	Author = {Markus Breit},
	Title = {Modellierung und Simulation der Calcium-Dynamik in Neuronen. Diplomarbeit},
  Publisher = {Universit\"at Heidelberg},
	Year = {2013}}

@article{Xylouris11,
	Author = {Xylouris, Konstantinos and Queisser, Gillian and Wittum, Gabriel},
	Journal = {Comp. Vis. Sci.},
	Number = {8},
	Pages = {409-418},
	Title = {A Three-Dimensional Mathematical Model of Active Signal Processing in Axons},
	Volume = {13},
	Year = {2011}}

@phdthesis{XylourisPHD,
	Author = {Xylouris, Konstantinos},
	School = {Universit{\"a}t Frankfurt am Main},
	Title = {Die dreidimensionale Kabelgleichung und ihre Anwendung in den Neurowissenschaften},
	Year = {2013}}

@article{Moradpour07,
	Author = {Darius Moradpour and Franois Penin and Charles M. Rice},
	Journal = {Nature Reviews Microbiology},
	Pages = {453-463},
	Title = {Replication of hepatitis C virus},
	Volume = {5},
	Year = {2007}}

@misc{SpiegelOnline14,
	Author = {Spiegel-Online},
	Month = {August},
	Note = {http://www.spiegel.de/wirtschaft/soziales/sovaldi-warum-eine-pille-700-euro-kosten-darf-a-984738.html},
	Title = {700-Euro-Pille von Sovaldi: Unmoralische Gewinnzahlen},
	Year = {2014}}

@article{Targett-Adams08,
	Author = {Targett-Adams, Paul and Boulant, Steeve and McLauchlan, John},
	Doi = {10.1128/JVI.01565-07},
	Eprint = {http://jvi.asm.org/content/82/5/2182.full.pdf+html},
	Journal = {Journal of Virology},
	Number = {5},
	Pages = {2182-2195},
	Title = {Visualization of Double-Stranded RNA in Cells Supporting Hepatitis C Virus RNA Replication},
	Url = {http://jvi.asm.org/content/82/5/2182.abstract},
	Volume = {82},
	Year = {2008},
	Bdsk-Url-1 = {http://jvi.asm.org/content/82/5/2182.abstract},
	Bdsk-Url-2 = {http://dx.doi.org/10.1128/JVI.01565-07}}

@article{Targett-Adams11,
	Author = {Targett-Adams, Paul and Graham, Emily J. S. and Middleton, Jenny and Palmer, Amy and Shaw, Stephen M. and Lavender, Helen and Brain, Philip and Tran, Thien Duc and Jones, Lyn H. and Wakenhut, Florian and Stammen, Blanda and Pryde, David and Pickford, Chris and Westby, Mike},
	Doi = {10.1128/JVI.00215-11},
	Eprint = {http://jvi.asm.org/content/85/13/6353.full.pdf+html},
	Journal = {Journal of Virology},
	Number = {13},
	Pages = {6353-6368},
	Title = {Small Molecules Targeting Hepatitis C Virus-Encoded NS5A Cause Subcellular Redistribution of Their Target: Insights into Compound Modes of Action},
	Url = {http://jvi.asm.org/content/85/13/6353.abstract},
	Volume = {85},
	Year = {2011},
	Bdsk-Url-1 = {http://jvi.asm.org/content/85/13/6353.abstract},
	Bdsk-Url-2 = {http://dx.doi.org/10.1128/JVI.00215-11}}

@article{Broser04,
	Author = {Broser, P and Schulte, R and Roth, A and Helmchen, F and Waters, J and Lang, S and Sakmann, B and Wittum, G},
	Journal = {JOURNAL OF BIOMEDICAL OPTICS},
	Number = {6},
	Pages = {1253-1264},
	Title = {Nonlinear anisotropic diffusion filtering of three-dimensional image data from 2-photon microscopy},
	Volume = {9},
	Year = {2004}}

@article{Jungblut11,
	Author = {Jungblut, Daniel and Queisser, Gillian and Wittum, Gabriel},
	Doi = {10.1007/s00791-012-0171-2},
	Issn = {1432-9360},
	Journal = {Computing and Visualization in Science},
	Keywords = {Inertia based; Anisotropic; Diffusion; Filtering; Reconstruction; High resolution images; GPU; CUDA},
	Language = {English},
	Number = {4},
	Pages = {181-186},
	Publisher = {Springer-Verlag},
	Title = {Inertia based filtering of high resolution images using a GPU cluster},
	Url = {http://dx.doi.org/10.1007/s00791-012-0171-2},
	Volume = {14},
	Year = {2011},
	Bdsk-Url-1 = {http://dx.doi.org/10.1007/s00791-012-0171-2}}

@article{Knodel14a,
	Author = {M. M. Knodel and S. Reiter and M. Rupp and A. Vogel and P. Targett-Adams and E. Herrmann and G. Wittum},
	Journal = {In preparation},
	Title = {Mechanistic dynamics of Hepatitis C virus replication in single liver 			cells: Simple full 3D (surface) pde models}}

@article{Knodel14b,
	Author = {M. M. Knodel and A. N{\"a}gel and S. Reiter and M. Rupp and A. Vogel and P. Targett-Adams and J. McLaughlan and E. Herrmann and G. Wittum},
	Journal = {In preparation},
	Title = {Estimation of the diffusion constant of the viral NS5a protein of 			 Hepatitis C virus on the ER surface using FRAP time series}}

@article{Jones07,
	Abstract = {We have introduced GFP and photoactivatable GFP into the NS5A coding region of a hepatitis C virus (HCV) subgenomic replicon that gives efficient transient replication. NS5A--GFP, expressed by the replicon, could be detected in cytoplasmic fluorescent foci as early as 4 h after RNA was introduced into cells. The fluorescent foci are likely to be sites where RNA synthesis could occur, although their production was not dependent on prior replication. Photobleaching studies demonstrated that the fluorescent proteins were relatively immobile upon expression from replicon RNAs. By contrast, an NS5A--GFP chimera produced in the absence of other viral proteins was mobile. Hence, interactions in cells expressing HCV replication proteins limit NS5A mobility, and transfer of viral proteins between foci is either slow or does not occur. Thus, the sites of HCV RNA replication possibly have a fixed complement of proteins that may act as discrete factories for producing viral RNA.},
	Author = {Jones, Daniel M. and Gretton, Sarah N. and McLauchlan, John and Targett-Adams, Paul},
	Doi = {10.1099/vir.0.82363-0},
	Eprint = {http://vir.sgmjournals.org/content/88/2/470.full.pdf+html},
	Journal = {Journal of General Virology},
	Number = {2},
	Pages = {470-475},
	Title = {Mobility analysis of an NS5A--GFP fusion protein in cells actively replicating hepatitis C virus subgenomic RNA},
	Url = {http://vir.sgmjournals.org/content/88/2/470.abstract},
	Volume = {88},
	Year = {2007},
	Bdsk-Url-1 = {http://vir.sgmjournals.org/content/88/2/470.abstract},
	Bdsk-Url-2 = {http://dx.doi.org/10.1099/vir.0.82363-0}}

@article{Heisig96,
	Author = {Heisig, Michael and Lieckfeldt, Renate and Wittum, Gabriel and Mazurkevich, George and Lee, Geoffrey},
	Doi = {10.1023/A:1016048710880},
	Issn = {0724-8741},
	Journal = {Pharmaceutical Research},
	Keywords = {stratum corneum; barrier function; diffusion equation; non steady-state model},
	Language = {English},
	Number = {3},
	Pages = {421-426},
	Publisher = {Kluwer Academic Publishers-Plenum Publishers},
	Title = {Non Steady-state Descriptions of Drug Permeation Through Stratum Corneum. I. The Biphasic Brick-and-Mortar Model},
	Url = {http://dx.doi.org/10.1023/A%3A1016048710880},
	Volume = {13},
	Year = {1996},
	Bdsk-Url-1 = {http://dx.doi.org/10.1023/A%3A1016048710880},
	Bdsk-Url-2 = {http://dx.doi.org/10.1023/A:1016048710880}}

@incollection{Naegel11,
	Author = {Naegel, Arne and Heisig, Michael and Wittum, Gabriel},
	Booktitle = {Permeability Barrier},
	Doi = {10.1007/978-1-61779-191-8_1},
	Editor = {Turksen, Kursad},
	Isbn = {978-1-61779-190-1},
	Keywords = {Skin; Stratum corneum; Cell shape; Geometry models; Cuboid; Tetrakaidecahedra; Permeability; Lag time; Mathematical modeling; Numerical simulation; Homogenization; Drug -diffusion; Concentration--depth profiles},
	Language = {English},
	Pages = {1-32},
	Publisher = {Humana Press},
	Series = {Methods in Molecular Biology},
	Title = {Computational Modeling of the Skin Barrier},
	Url = {http://dx.doi.org/10.1007/978-1-61779-191-8_1},
	Volume = {763},
	Year = {2011},
	Bdsk-Url-1 = {http://dx.doi.org/10.1007/978-1-61779-191-8_1}}

@article{Naegel13,
	Author = {Arne Naegel and Michael Heisig and Gabriel Wittum},
	Doi = {http://dx.doi.org/10.1016/j.addr.2012.10.009},
	Issn = {0169-409X},
	Journal = {Advanced Drug Delivery Reviews},
	Keywords = {Drug diffusion},
	Note = {Modeling the human skin barrier - Towards a better understanding of dermal absorption},
	Number = {2},
	Pages = {191 - 207},
	Title = {Detailed modeling of skin penetration---An overview},
	Url = {http://www.sciencedirect.com/science/article/pii/S0169409X12003559},
	Volume = {65},
	Year = {2013},
	Bdsk-Url-1 = {http://www.sciencedirect.com/science/article/pii/S0169409X12003559},
	Bdsk-Url-2 = {http://dx.doi.org/10.1016/j.addr.2012.10.009}}

@article{Wang06,
	Author = {Wang, Tsuo-Feng and Kasting, Gerald B. and Nitsche, Johannes M.},
	Doi = {10.1002/jps.20509},
	Issn = {1520-6017},
	Journal = {Journal of Pharmaceutical Sciences},
	Keywords = {stratum corneum (SC), permeability, diffusion coefficient, partition coefficient, microstructure, intercellular lipid, corneocyte},
	Number = {3},
	Pages = {620--648},
	Publisher = {Wiley Subscription Services, Inc., A Wiley Company},
	Title = {A multiphase microscopic diffusion model for stratum corneum permeability. I. formulation, solution, and illustrative results for representative compounds},
	Url = {http://dx.doi.org/10.1002/jps.20509},
	Volume = {95},
	Year = {2006},
	Bdsk-Url-1 = {http://dx.doi.org/10.1002/jps.20509}}

@mastersthesis{Klatt13,
	Author = {Klatt, T.},
	School = {Universit{\"a}t Frankfurt am Main},
	Title = {Mehrskalige Modellierung und Simulation der interkorneozytischen Lipidphase},
	Year = {2013}}

@article{Weinan2007,
	Author = {Weinan},
	Journal = {Communicatiosn in Computational Physics},
	Pages = {367--450},
	Title = {Heterogenous Multiscale Methods: A Review},
	Volume = {2 (3)},
	Year = {2007}}

@article{Cornell1995,
	Author = {W. D. Cornell, P. Cieplak, C. I. Bayly et al.},
	Journal = {J. Am. Chem. Soc.},
	Title = {{C}{H}{A}{R}{M}{M} force field},
	Volume = {117 (5179)}}

@article{Humphrey1996,
	Author = {Humphrey, W. and Dalke, A. and Schulten, K.},
	Journal = {J. Molec. Graphics},
	Pages = {33--38},
	Title = {V{M}{D} - {V}isual {M}olecular {D}ynamics},
	Volume = {14},
	Year = {1996}}

@article{Grein2014a,
	Author = {Grein, S. and Scott, Ridgway L. and Queisser, G.},
	Journal = {in preparation},
	Title = {Investigating the {R}ole of {D}ehydrons in the {C}alcium-dependent cell-adhesion protein {N}-{C}adherin by {M}olecular {D}ynamics {S}imulations},
	Year = {2014}}

@article{Grein2014b,
	Author = {Grein, S. and Queisser, G.},
	Journal = {in preparation},
	Title = {Coupling {M}olecular {D}ynamics and {F}inite {V}olumes: {A} {D}etailed {S}imulation {A}pproach for {C}alcium {D}iffusion},
	Year = {2014}}

@article{Grein2013,
	Author = {Grein, Stephan},
	Journal = {Masterarbeit},
	Title = {In silico {M}odelling of {S}ynaptic {C}alcium-{D}ynamics with respect to {C}alcium-{M}ediated {N}-{C}adherin {I}nteraction in full {S}patial and {T}emporal {R}esolution},
	Year = {2013}}

@inproceedings{NamdSC12,
	Address = {Salt Lake City, Utah},
	Author = {Yanhua Sun and Gengbin Zheng and Chao Mei Eric J. Bohm and Terry Jones and Laxmikant V.~Kal{\'e} and James C.Phillips},
	Booktitle = {Proceedings of the 2012 ACM/IEEE conference on Supercomputing},
	Month = {November},
	Title = {Optimizing Fine-grained Communication in a Biomolecular Simulation Application on Cray XK6},
	Year = {2012}}

@article{Sutherland1974,
	Author = {Sutherland, I. and Hodgman, Gary W.},
	Journal = {Communications of the ACM},
	Pages = {32--42},
	Title = {Reentrant Polygon Clipping},
	Volume = {17},
	Year = {1974}}

@article{Jungblut2011,
	Author = {Jungblut, D. and Queisser, G. and Wittum, G.},
	Journal = {Comp. Vis. Sci.},
	Pages = {181--186},
	Title = {Inertia Based Filtering of High Resolution Images Using a GPU Cluster},
	Volume = {14},
	Year = {2011}}

@article{Knodel2014,
    Author = {Knodel, M.M. and Geiger, R. and Lihao, G. and Bucher, D. and Grillo, A. and Wittum, G. and Schuster, C.M. and Queisser, G.},
    Journal = {Frontiers in Computational Neuroscience},
    Title = {Synaptic Bouton Properties Are Tuned to Best Fit the Prevailing Firing Pattern},
    Doi = {doi:10.1063/1.445869},
    Year = {2014}
}
    
@article{Queisser2008,
	Author = {Queisser, G. and Wittmann, M. and Bading, H. and Wittum, G.},
	Issue = {014009},
	Journal = {J Biomed Opt.},
	Title = {Filtering, reconstruction, and measurement of the geometry of nuclei from hippocampal neurons based on confocal microscopy data},
	Volume = {13},
	Year = {2008}}

@article{Xylouris2007,
	Author = {Xylouris, K. and Queisser, G. and Wittum, G.},
	Issue = {8},
	Journal = {Computing and Visualization in Science},
	Pages = {409--418},
	Title = {A Three-Dimensional Mathematical Model of Active Signal Processing in Axons},
	Volume = {13},
	Year = {2007}}

@article{Xylouris2012,
	Author = {Xylouris, K.},
	Journal = {PhD Thesis},
	Title = {Generalized cable equation for signal processing in neurons},
	Type = {PhD Thesis},
	Year = {2013}}
	
@article{Wolf2013,
   author    = {Wolf, S. and Grein, S. and Queisser, G.},
   title     = {Employing {N}eu{G}en 2.0 to {A}utomatically {G}enerate {R}ealistic {M}orphologies of {H}ippocampal {N}eurons and {N}eural {N}etworks in 3{D}},
   year      = {2013},
   journal   = {Neuroinformatics},
   volume    = {11},
   number    = {2},
   pages     = {137-148},
   publisher = {Springer-Verlag},
   doi       = {10.1007/s12021-012-9170-1},
   url       = {http://dx.doi.org/10.1007/s12021-012-9170-1},
   issn      = {1539-2791},
   keywords  = {Network; Generator; Hippocampus; Automatic; Large scale; Database; Morphology; Simulators}
},

@article{Hodgkin1952,
   author = {Hodgkin, A. L. and Huxley, A. F.}, 
   title = {A quantitative description of membrane current and its application to conduction and excitation in nerve},
   volume = {117}, 
   number = {4}, 
   pages = {500-544}, 
   year = {1952}, 
   url = {http://jp.physoc.org/content/117/4/500.short}, 
   journal = {The Journal of Physiology} 
} 

@article{Lions2001,
title = "R\'esolution d'EDP par un sch\'ema en temps « parar\'eel » ",
journal = "Comptes Rendus de l'Acad\'emie des Sciences - Series I - Mathematics ",
volume = "332",
number = "7",
pages = "661 - 668",
year = "2001",
note = "",
issn = "0764-4442",
doi = "http://dx.doi.org/10.1016/S0764-4442(00)01793-6",
url = "http://www.sciencedirect.com/science/article/pii/S0764444200017936",
author = "Jacques-Louis Lions and Yvon Maday and Gabriel Turinici"
}

@article{Plimpton1995,
  Title = {Fast {P}arallel {A}lgorithms for {S}hort-{R}ange {M}olecular {D}ynamics},
  Journal = {J Comp Phys},
  Author = {Plimpton, S.},
  Year = {1995},
  Volume = {117},
  Pages = {1--19}
}


@article{Marrink2004,
author = {Marrink, Siewert J. and de Vries, Alex H. and Mark, Alan E.},
title = {Coarse Grained Model for Semiquantitative Lipid Simulations},
journal = {The Journal of Physical Chemistry B},
volume = {108},
number = {2},
pages = {750-760},
year = {2004},
doi = {10.1021/jp036508g},
URL = {http://dx.doi.org/10.1021/jp036508g},
eprint = {http://dx.doi.org/10.1021/jp036508g}
}


%%%%%%%%%%%%%%%%%%%%%%%%%%%%%%%%%%%%%%%%%%%%%%
%%% in press, prep or to be submitted
%%%%%%%%%%%%%%%%%%%%%%%%%%%%%%%%%%%%%%%%%%%%%%
@preamble{ " \newcommand{\noop}[1]{} " }

@article{Stepniewski2019a,
   	author = {Stepniewski, M. and Queisser, G.},
   	title = {A Subdivision based Geometric Multigrid Method},
   	journal = {Comput. Methods Appl. Mech. Engrg.},
   	year = {\noop{2018}Under Review},
   	pages = {}
}

@article{Ascoli2007,
  author = "Ascoli, Giorgio A. and Donohue, Duncan E. and Halavi, Maryam",
  title = "NeuroMorpho.Org: A Central Resource for Neuronal Morphologies",
  volume = "27",
  number = "35",
  pages = "9247--9251",
  year = "2007",
  doi = "10.1523/JNEUROSCI.2055-07.2007",
  publisher = "Society for Neuroscience",
  issn = "0270-6474",
  URL = "http://www.jneurosci.org/content/27/35/9247",
  eprint = "http://www.jneurosci.org/content/27/35/9247.full.pdf",
  journal = "Journal of Neuroscience"
},
   @Article{Breit2018,
   author="Breit, Markus
   and Queisser, Gillian",
   title="What Is Required for Neuronal Calcium Waves? A Numerical Parameter Study",
   journal="The Journal of Mathematical Neuroscience",
   year="2018",
   month="Jul",
   day="13",
   volume="8",
   number="1",
   pages="9",
   abstract="Neuronal calcium signals propagating by simple diffusion and reaction with mobile and stationary buffers are limited to cellular microdomains. The distance intracellular calcium signals can travel may be significantly increased by means of calcium-induced calcium release from internal calcium stores, notably the endoplasmic reticulum. The organelle, which can be thought of as a cell-within-a-cell, is able to sequester large amounts of cytosolic calcium ions via SERCA pumps and selectively release them into the cytosol through ryanodine receptor channels leading to the formation of calcium waves. In this study, we set out to investigate the basic properties of such dendritic calcium waves and how they depend on the three parameters dendrite radius, ER radius and ryanodine receptor density in the endoplasmic membrane. We demonstrate that there are stable and abortive regimes for calcium waves, depending on the above morphological and physiological parameters. In stable regimes, calcium waves can travel across long dendritic distances, similar to electrical action potentials. We further observe that abortive regimes exist, which could be relevant for spike-timing dependent plasticity, as travel distances and wave velocities vary with changing intracellular architecture. For some of these regimes, analytic functions could be derived that fit the simulation data. In parameter spaces, that are non-trivially influenced by the three-dimensional calcium concentration profile, we were not able to derive such a functional description, demonstrating the mathematical requirement to model and simulate biochemical signaling in three-dimensional space.",
   issn="2190-8567",
   doi="10.1186/s13408-018-0064-x",
   url="https://doi.org/10.1186/s13408-018-0064-x"
   },

@article{Allbritton1992,
  title = {Range of {Messenger} {Action} of {Calcium} {Ion} and {Inositol} 1,4,5-{Triphosphate}},
  volume = {258(5089)},
  journal = {Science},
  author = {Allbritton, N. and Meyer, T. and Stryer, L.},
  year = {1992},
  pages = {1812--1815},
  doi="10.1126/science.1465619",
  url="https://doi.org/10.1126/science.1465619"
},

@article{Schmidt2003,
  title = {Mutational analysis of dendritic {Ca}2+ kinetics in rodent {Purkinje} cells: role of parvalbumin and calbindin {D}28k},
  volume = {551},
  url = {https://doi.org/10.1113/jphysiol.2002.035824},
  doi = {10.1113/jphysiol.2002.035824},
  journal = {The Journal of Physiology},
  author = {Schmidt, H. and Stiefel, K. M. and Racay, P. and Schwaller, B. and Eilers, J.},
  year = {2003}
},

@article{Berridge1998,
  title = {Neuronal calcium signaling},
  volume = {21},
  url = {https://doi.org/10.1016/S0896-6273(00)80510-3},
  doi = {10.1016/S0896-6273(00)80510-3},
  journal = {Neuron},
  author = {Berridge, M.},
  year = {1998}
},

@article{Shewchuk2002,
  author = {Shewchuk, {J}.},
  title = {{Constrained} {Delaunay} tetrahedralizations and provably good boundary recovery.},
  journal = {{Eleventh} {International} {Meshing} {Roundtable}},
  pages = {193-–204},
  year = {2002},
},

@article{Si2005,
  title = {{TetGen}, a {Delaunay}-based quality tetrahedral mesh generator},
  volume = {41},
  url = {https://doi.org/10.1145/2629697},
  doi = {10.1145/2629697},
  journal = {ACM Trans. Math. Softw.},
  author = {Si, H.},
  year = {2015}
}

@article{Rajan1994,
  title = {Optimality of the delaunay triangulation in rd},
  volume = {12},
  url = {https://doi.org/10.1007/BF02574375},
  doi = {10.1007/BF02574375},
  journal = {Discret. \& computational geometry},
  author = {Rajan, V. T.},
  year = {1994}
}

@article{Xu1999,
  title = {A monotone finite element scheme for convection-diffusion equations},
  volume = {68},
  url = {https://doi.org/10.1090/S0025-5718-99-01148-5},
  doi = {10.1090/S0025-5718-99-01148-5},
  journal = {Math. Comput.},
  author = {Xu, J. and Zikatanov, L.},
  year = {1999}
}

@article{Vorst1992,
  title = {B-{CGSTAB}: {A} fast and smoothly converging variant of {Bi}-{CG} for the solution of nonsymmetric linear systems},
  volume = {13},
  url = {https://doi.org/10.1137/0913035.},
  doi = {10.1137/0913035},
  journal = {SIAM J. on Sci. Stat. Comput.},
  author = {Vorst, H. A.},
  year = {1992}
}

@incollection{Eymard2000,
title = "Finite volume methods",
booktitle = "Finite volume methods",
series = "Handbook of Numerical Analysis",
publisher = "Elsevier",
volume = "7",
pages = "713 - 1018",
year = "2000",
issn = "1570-8659",
doi = "https://doi.org/10.1016/S1570-8659(00)07005-8",
url = "http://www.sciencedirect.com/science/article/pii/S1570865900070058",
author = "Robert Eymard and Thierry Gallouët and Raphaèle Herbin"
}

@article{Brandt1977,
  title = {Multi-level adaptive solutions to boundary-value problems},
  author = {Brandt, A.},
  url = {https://www.jstor.org/stable/2006422},
  doi = {https://www.jstor.org/stable/2006422},
  journal = {Math Comp},
  year = {1977},
  volume = {31},
  issue = {138},
  pages = {333-390}
}

@article{Fedorenko1962,
   title = {A relaxation method for solving elliptic difference equations},
   year = {1962},
   author = {Fedorenko, R.},
   journal = {Computational Mathematics and Mathematical Physics},
   volume = {1},
   issue = {4},
   pages = {1092--1096},
   doi = {10.1016/00415553(62)90031-9},
   url = {10.1016/00415553(62)90031-9}
}

@article{Hackbusch1976,
  author = {Hackbusch, W.},
  year = {1976},
  title = {{Ein iteratives Verfahren zur schnellen Aufl\"osung elliptischer Randwertprobleme}},
  journal = {Tech. Rep. 76-12, Institute for Applied Mathematics, University of Cologne}
}

@article{Ruge1987,
  author = {Ruge, J.W. and St\"uben, K.},
  year = {1987},
  title = {Algebraic multigrid},
  journal = {Frontiers Appl. Math.},
  volume = {3},
  pages = {73--130}
}

@article{Moerschel2017,
  author = {M\"orschel, K. and Breit, M. and Queisser, G.},
  journal = {Neuroinformatics},
  title = {{Generating Neuron Geometries for Detailed Three-Dimensional Simulations Using AnaMorph}},
  year = {2017},
  doi = {https://doi.org/10.1007/s12021-017-9329-x},
  url = {https://doi.org/10.1007/s12021-017-9329-x},
  volume = {15},
  issue = {241}
}

@Article{Tai2008,
   author = {Tai, C.-Y. and Kim, S. A. and Schuman, E. M.},
   title = {Cadherins and synaptic plasticity},
   year = {2008},
   journal = {Current Opinion in Cell Biology},
   volume = {20},
   pages = {567--575},
   url = {https://doi.org/10.1016/j.ceb.2008.06.003}
}

@inproceedings{Zorin96,
 	author = {Zorin, D. and Schr\"{o}der, P. and Sweldens, W.},
 	title = {Interpolating Subdivision for Meshes with Arbitrary Topology},
 	booktitle = {Proceedings of the 23rd Annual Conference on Computer Graphics and Interactive Techniques},
 	series = {SIGGRAPH '96},
 	year = {1996},
 	isbn = {0-89791-746-4},
 	pages = {189--192},
 	numpages = {4},
 	url = {http://doi.acm.org/10.1145/237170.237254},
 	doi = {10.1145/237170.237254},
 	acmid = {237254},
 	publisher = {ACM},
 	address = {New York, NY, USA}
} 

@article{Stepniewski2019b,
  title = {Neuro{B}ox: computational mathematics in multiscale neuroscience},
  year = {2019},
  journal = {Computing and {V}isualization in {S}cience},
  url = {http://doi.org/10.1007/s00791-019-00314-0},
  doi = {10.1007/s00791-019-00314-0},
  author = {Stepniewski, S. and Breit, M. and Hoffer, M. and Queisser, G.}
}

@article{Drachman2004,
  author = {Drachman, David A.},
  title = {Do we have brain to spare?},
  volume = {64},
  number = {12},
  pages = {2004--2005},
  year = {2005},
  url = {https://doi.org/10.1212/01.WNL.0000166914.38327.BB},
  doi = {10.1212/01.WNL.0000166914.38327.BB},
  journal = {Neurology}
}
